2588 4028
584 219 803 284 „90-

276 362 364 424 aliud.
396 365 632 443 anagargarisma
652 363 805 426 ischamon
829 365 1008 446 appellatum
1033 365 1064 428 id
1090 375 1138 429 est
1156 387 1205 428 re-

187 453 286 512 tineus
307 453 498 533 sanguinem,
521 455 548 514 ei
570 452 649 514 forte
670 453 707 514 de
730 453 867 516 lancibus
889 463 941 516 ant
959 472 1016 515 una
1034 457 1204 535 contigerit.

186 557 285 601 rosam
309 542 432 622 siccam,
454 543 600 602 senticem
620 541 759 624 viridem,
782 551 907 624 myrtum
926 542 1064 623 nigellam
1077 546 1205 626 siccam,

185 627 277 708 galias
300 629 484 691 omia'citidas
507 629 613 691 leviter
631 639 797 713 quassatas,
819 625 910 694 simul
928 633 1029 692 omnia
1050 631 1203 713 decoquas

159 719 218 778 ain
236 735 326 798 posca
345 726 375 780 et
399 717 484 780 dabis
501 719 759 800 gargarizandum,
783 728 894 782 aestate
917 719 1057 801 frigidum
1076 721 1203 784 hiberno
1279 739 1280 802 j

186 806 330 887 tepidum.
347 801 357 888 ll

82 974 179 1031 (rr-1⁷0)
521 967 579 1028 XL.
617 967 666 1030 Ad
689 968 876 1049 pthisicos.

275 1088 329 1151 Est
366 1099 466 1151 autem
504 1091 629 1170 pthisica
668 1095 766 1172 passio
804 1091 948 1153 ulceratio
984 1093 1135 1173 pulmonis
1172 1105 1203 1156 et
1279 1137 1280 1142 η

185 1179 316 1240 thoracis
339 1197 408 1240 cum
432 1179 598 1241 defluxione
623 1183 768 1262 corporis:
805 1179 857 1241 sed
876 1180 956 1241 lllam
979 1190 1096 1242 veteres
1120 1185 1201 1262 peio-
1279 1245 1280 1268 ἶ

146 1283 171 1324 10
183 1284 250 1328 rem
278 1275 366 1347 atque
388 1267 590 1329 insanabilem
622 1269 726 1331 dicunt
757 1287 833 1349 qnae
866 1270 958 1330 inerit
989 1269 1139 1349 pulmonis
1173 1281 1203 1332 et
1279 1281 1280 1354 ζ

185 1357 351 1418 secundnm
374 1365 500 1418 aetatem
520 1357 677 1418 iuvenibus
696 1360 788 1438 magis
808 1373 896 1437 quam
915 1357 1038 1420 senibus
1059 1369 1200 1441 creatam,
1279 1393 1280 1400 2

186 1445 332 1524 sianidem
356 1445 493 1506 iuvenilis
512 1453 592 1507 aetas
614 1449 662 1508 sui
686 1447 834 1508 servorem
853 1448 972 1527 erigens
995 1449 1200 1510 intumorem
1279 1463 1280 1480 ¹

183 1535 362 1613 putrefaciat
390 1543 420 1594 et
448 1535 580 1596 sordidet
612 1535 713 1596 ulcera
745 1553 835 1615 supra
867 1535 954 1596 dicta.
999 1535 1132 1598 allicitur
1165 1555 1200 1598 ex

185 1623 372 1684 antecedenti
404 1625 556 1704 sanguinis
588 1625 793 1706 renotatione,
828 1641 917 1702 quam
949 1623 1054 1685 Graeci
1087 1635 1201 1688 ematos

145 1726 170 1767 15
185 1729 335 1792 anagogen
363 1713 479 1795 dicunt,
508 1719 559 1774 aut
587 1731 642 1792 per
664 1712 781 1792 longam
809 1711 983 1774 tussiculam
1005 1717 1202 1776 reumatizatn

183 1801 324 1880 pulmone
338 1809 390 1861 aut
403 1801 533 1882 thorace,
552 1809 603 1862 ant
617 1803 733 1862 intema
748 1800 922 1862 collectione
939 1819 1029 1880 quam
1043 1819 1201 1882 empyema

184 1888 296 1970 dicunt,
315 1907 382 1950 cum
403 1890 479 1949 iorte
495 1907 614 1950 sursum
631 1891 765 1968 eruperit
784 1897 814 1950 et
827 1892 949 1951 minime
968 1909 1023 1970 per
1040 1891 1202 1954 inferiores

183 1983 284 2054 partes
307 1977 398 2036 luerit
421 1977 575 2038 desiccata.
620 1979 756 2057 seqnitur
783 1987 883 2040 autem
911 1977 1080 2040 laborantes
1108 1983 1203 2043 totius

184 2066 319 2144 corporis
343 2064 471 2126 defluxio
491 2065 536 2126 vel
555 2084 624 2126 cum
642 2068 733 2127 nimia
751 2069 844 2127 macie
867 2069 976 2129 virium
1000 2073 1202 2153 consumptio,

144 2170 171 2210 eo
184 2151 327 2214 lebrionla
352 2155 453 2216 tenuis
476 2153 632 2234 aliquando
655 2155 733 2236 iugis
756 2155 913 2235 aliquando
936 2157 1201 2241 intercapedinata,

183 2261 272 2322 quam
301 2243 406 2304 Graeci
433 2241 593 2324 dialiponta
620 2253 739 2327 vocant,
771 2241 914 2306 tussicula
947 2248 1036 2307 etiam
1066 2257 1096 2309 et
1128 2248 1201 2328 lieg-

183 2333 270 2392 matis
297 2334 459 2393 reiactatio.
505 2333 611 2394 dehinc
642 2336 794 2414 peiorante
827 2335 965 2414 passione
998 2335 1137 2414 putidum
1170 2347 1202 2398 et

95 2446 112 2484 n
133 2434 170 2476 171
183 2413 386 2501 pnrnllentum
404 2438 495 2499 supra
518 2421 631 2482 dictum
649 2422 755 2501 llegma
773 2422 950 2484 excluditur.
989 2422 1087 2502 capilli
1110 2427 1201 2486 etiam

257 2611 270 2660 1
290 2607 424 2662 schemon
441 2625 482 2679 pe,
501 2609 634 2666 chasmcn
647 2627 678 2680 p.
769 2617 785 2666 3
806 2611 930 2666 senticae
947 2609 1047 2666 viridis
1065 2627 1096 2683 p,
1118 2612 1199 2668 silice

182 2693 272 2752 viride
290 2712 318 2764 c,
343 2695 425 2751 silice
443 2697 540 2752 viridis
555 2715 585 2768 p.
676 2701 770 2770 myrta
789 2699 902 2769 (mirati
921 2681 1071 2769 c,d1rip)
1090 2701 1199 2772 nigella

183 2766 258 2823 sicca
274 2783 308 2837 pc
325 2769 418 2837 (·—am
431 2771 473 2838 p).
563 2773 579 2823 5
598 2769 716 2825 hiberno
733 2788 752 2842 p
771 2771 996 2854 (sculponeae,
1019 2787 1102 2840 yeme
1121 2789 1150 2844 c,
1168 2780 1200 2828 nt

181 2854 269 2910 snpra
286 2855 388 2909 semper
405 2841 437 2894 in
454 2841 504 2896 hoe
522 2842 602 2910 cop).
708 2847 725 2896 t
744 2841 789 2896 Ad
807 2843 931 2912 ptrsrcos.
967 2842 1002 2898 Η.
1023 2856 1085 2908 cap.
1104 2860 1136 2912 p,
1154 2845 1199 2899 Ad

181 2909 297 2993 ptisicos
316 2917 351 2966 40
370 2928 384 2968 c
402 2911 472 2981 (eine
488 2912 564 2966 rubr.
579 2929 615 2982 p,
633 2913 680 2968 sed
697 2913 755 2966 incl.
771 2929 794 2981 p
813 2911 857 2966 Ad
875 2912 1012 2982 ptisicos).
1107 2919 1124 2968 8
1143 2917 1198 2985 pii·

182 2997 329 3108 *tuctu
346 2988 443 3123 neni.
461 2985 587 3108 liiii
608 3000 804 3110 institute
817 2985 1199 3112 ntlntiunlunffl

181 3069 215 3176 ι11
236 3070 360 3179 οτοαὲαξιι
377 3141 407 3193 9:
426 3127 521 3180 creata
539 3142 566 3193 c,
584 3097 697 3193 nata'p.
785 3131 818 3180 14
839 3127 949 3182 amatos
966 3141 988 3182 c.
1078 3133 1111 3182 15
1131 3075 1198 3183 oydelo)-

181 3209 269 3276 goges
287 3210 337 3262 pp,
357 3200 427 3264 -ge
446 3212 469 3251 c.
550 3195 750 3252 reumatidiato
767 3214 813 3268 pc,
831 3197 1034 3254 reumaiinante
1048 3215 1080 3267 p.
1165 3205 1197 3254 1ss

181 3276 540 3408 iddii²<ii'a⁶d'liim³
553 3283 584 3336 Ρ·
604 3342 636 3392 n
656 3272 1079 3421 ulniuutnuiun
1092 3285 1197 3396 ltu

180 3409 242 3477 (om.
262 3410 336 3478 cum)
353 3425 398 3480 pp.
471 3413 510 3490 20Ι
523 3408 764 3478 intercapedinem
776 3427 807 3482 p,
825 3410 899 3464 inter
917 3411 1050 3480 capinate
1068 3427 1091 3478 e,
1110 3411 1197 3468 inter·¹

180 3478 280 3546 pelais
295 3496 324 3548 p.
397 3484 431 3534 22
450 3479 580 3548 petreium
598 3495 643 3548 pc:
661 3480 807 3550 putridum
820 3498 851 3550 p.
