2558 4022
507 243 726 308 ..49-

109 404 198 465 quem
221 385 327 448 Graeci
349 405 462 448 narcen
488 393 535 448 tes
565 394 699 448 esteseos
721 396 839 464 vocant,
869 389 1026 470 aliquando
1054 407 1122 451 cum
1156 405 1197 445 oe.

107 483 226 536 tumore
254 483 285 536 et
311 474 469 554 aliquando
498 477 563 536 sine
590 483 722 557 tumore,
752 475 908 556 aliquando
940 496 1010 540 cum
1040 467 1157 559 largo*
1172 456 1214 497 ²⁰⁶

107 564 251 624 reumatis
278 566 403 624 incursu
431 572 463 624 et
490 563 646 643 aliquando
673 581 742 626 cum
770 565 928 644 gravedine
950 575 982 628 et
1010 565 1123 642 dolore,

106 651 266 730 aliquando
290 659 390 712 autem
411 660 532 730 praeter
553 655 625 732 ipsa.

197 741 230 800 in
253 738 458 802 curationibus
479 757 550 801 vero
574 743 599 801 si
622 741 771 803 modicum
800 740 913 803 fervida
940 743 1031 803 buerit
1052 755 1150 805 ocu-⁶

104 827 210 888 lorum
235 826 433 909 perturbatio,
461 845 551 909 posca
578 829 679 910 tepida
705 828 892 892 lomentabis.
929 833 955 891 si
986 847 1057 892 vero
1087 849 1124 892 ex

7 923 22 932 “
103 916 303 996 perfrictione
330 916 421 978 luerit
446 916 647 999 perturbatio,
673 917 821 998 penicillis
846 919 932 998 prius
959 917 1064 981 calidis
1087 937 1124 980 ex

105 1006 177 1064 vino
209 1006 302 1064 mixto
334 1003 400 1064 albo
431 1005 545 1066 alterna
571 1007 736 1068 mutatione
763 1005 928 1087 vaporabis.
972 1009 1019 1068 sin
1052 1025 1122 1070 vero

106 1094 203 1152 maior
229 1093 322 1152 luerit
348 1091 432 1154 dolor
459 1111 528 1154 cnm
554 1096 670 1174 ingenti
696 1103 813 1156 tumore
837 1103 868 1157 et
896 1095 1068 1175 gravedine,
1091 1103 1123 1158 et

106 1182 136 1241 si
162 1183 193 1241 in
221 1181 319 1241 fronte
346 1179 450 1260 plenae
477 1200 512 1243 ac
539 1181 685 1244 distentae
716 1185 909 1264 apparuerint
934 1201 1040 1266 venae,
1072 1183 1122 1246 de·
1137 1197 1163 1239 ιο

105 1270 215 1330 tractio
241 1271 393 1348 sanguinis
423 1289 478 1350 per
501 1269 701 1332 flebotomiam
723 1272 789 1334 lieri
811 1279 943 1353 oportet,
974 1274 1000 1333 sl
1022 1281 1123 1334 temen

106 1357 158 1418 alii
180 1356 322 1418 humores
340 1375 400 1418 non
422 1359 613 1439 impedierint
636 1368 795 1440 augmento
815 1361 894 1422 lacto
916 1379 972 1440 per
994 1359 1123 1440 aliquam
1177 1379 1180 1384 ·

105 1445 312 1506 obtrusioncm
339 1447 492 1508 interioris
519 1447 655 1508 membri.
700 1449 780 1528 quod
808 1451 834 1510 si
865 1448 922 1510 boc
954 1450 1123 1529 contigerit,

106 1533 270 1595 cathartico
294 1532 362 1594 dato
381 1542 517 1595 ventrem
538 1535 688 1614 purgabis.
723 1536 869 1597 utendum
888 1537 977 1597 etiam
999 1539 1031 1598 in
1049 1539 1123 1616 ipsis

104 1621 203 1683 oculis
221 1621 342 1700 liquidis
360 1622 560 1684 inlusionibus
578 1641 616 1684 ex
632 1624 711 1684 laeui
728 1627 828 1703 graeci
845 1641 918 1684 suco
936 1623 1034 1685 lenius
1052 1641 1122 1685 con·
1137 1639 1163 1682 u

104 1711 203 1772 tectis.
251 1709 328 1770 bene
360 1719 460 1772 autem
490 1711 524 1772 flt
555 1713 581 1772 si
613 1712 732 1774 laeuum
763 1729 904 1792 graecum
936 1729 1010 1791 aqua
1043 1711 1124 1773 dulci

105 1800 204 1879 primo
234 1798 361 1880 lavetur,
389 1807 423 1860 ut
450 1807 566 1860 terrosa
594 1809 694 1862 careat
721 1800 872 1880 qualitate.
913 1808 943 1865 et
965 1807 1122 1880 postquam

105 1888 200 1948 luerit
225 1887 318 1948 lotum
349 1887 498 1950 modicum
525 1906 650 1969 coques,
677 1897 711 1950 ut
738 1907 857 1952 omnem
884 1888 1055 1951 acredinem
1086 1907 1123 1950 ex

106 1993 141 2036 se
163 1975 305 2056 dimittet,
327 1986 359 2038 et
377 1977 507 2039 secunda
530 1995 606 2056 aqua
628 1980 739 2039 iterum
757 1997 869 2058 coques
892 1978 997 2040 delusa
1019 1980 1121 2059 priori.

106 2071 138 2125 et
161 2081 231 2126 cum
252 2063 363 2126 rideris
386 2083 491 2127 sucum
513 2068 616 2127 venire
639 2068 670 2126 in
689 2066 913 2130 similitudinem
930 2069 1005 2148 vini,
1028 2065 1120 2144 liqua-
1135 2085 1162 2123 so

180 2340 272 2396 1Hc'c
295 2356 356 2396 com
373 2341 456 2396 tuitio
470 2357 501 2410 p.
520 2345 578 2397 206
596 2355 694 2395 caueae
713 2340 815 2410 decipit
837 2356 870 2410 q,
893 2341 933 2395 cic
954 2341 1056 2408 (rubr.)
1080 2340 1123 2396 ad

105 2412 253 2468 oculorum
267 2411 325 2466 dol.
355 2411 505 2466 Oculorum
519 2411 600 2468 dolor
613 2413 656 2468 ast
669 2427 752 2482 quem
765 2411 842 2482 greci
855 2411 1122 2467 narcodnsesteseos
1170 2451 1174 2462 .

105 2485 218 2539 vocant
256 2485 286 2538 et
303 2481 337 2537 fit
354 2481 506 2551 aliquando
524 2499 589 2538 cum
607 2484 715 2538 tumore
734 2487 781 2538 etc.
863 2497 958 2552 quem:
984 2483 1121 2554 q(qnod)

105 2587 150 2641 cp.
218 2553 449 2627 doodofestessecr
464 2587 495 2640 p,
513 2569 649 2626 narcodea
663 2570 783 2626 ostefoos
798 2585 820 2626 c.
892 2573 953 2626 net
967 2589 993 2628 c:
1012 2587 1063 2628 osa.
1076 2587 1121 2641 pp.

106 2647 123 2697 3
143 2643 279 2698 reumatis
297 2643 410 2697 incursu
428 2657 454 2698 c:
477 2641 652 2697 reumatismi
670 2658 752 2697 cursu
769 2657 796 2712 q,
814 2642 999 2696 reumatisimi
1016 2643 1064 2697 vel
1082 2641 1122 2711 (Γ)

105 2729 192 2767 cursu
209 2729 294 2768 sensu
310 2715 409 2782 (simp
431 2713 656 2779 (reumatismmn
673 2713 773 2796 recepit
790 2714 872 2768 mom
891 2713 986 2782 Pota).
1050 2782 1057 2796 ι
1094 2714 1124 2766 et

103 2785 674 2936 enudussuceue.
693 2799 826 2922 ..du
839 2800 870 2854 Ρ·
928 2782 1123 2934 nuuc

104 2921 233 2994 lbtidap
251 2927 308 2996 (sed
325 2928 358 2981 io
374 2943 461 2996 murp.
480 2926 551 2980 idun
601 2924 704 2994 lngrda
717 2924 835 2992 credet).
909 2927 924 2976 l
943 2939 979 2992 pe
1006 2923 1123 2978 metrone

102 3011 154 3066 qo:
174 2997 319 3054 -catione
333 3013 364 3067 p.
438 3003 454 3052 8
474 2995 524 3050 Sin
541 3009 585 3064 pc:
605 2993 679 3063 Sip.
767 2999 801 3046 1ο
820 2995 928 3064 appuoi
945 2994 1010 3066 (ade)
1025 3009 1044 3064 y
1062 2993 1123 3064 (ap-

103 3065 252 3136 paruerint
270 3069 322 3137 cp).
409 3065 583 3122 detractione
602 3081 644 3133 cp.
736 3069 768 3118 1³
788 3063 950 3136 contiger
968 3065 1054 3135 (—rit
1070 3065 1122 3136 cp).

105 3143 142 3191 14
160 3137 191 3190 in
209 3140 316 3194 addidi.
406 3137 476 3208 ipsis
495 3135 583 3191 oculis
602 3136 662 3204 (mu.
682 3133 722 3204 in)
741 3151 786 3204 pc:
804 3135 841 3190 ed
860 3137 955 3192 oculos
969 3154 1000 3206 p.
1089 3142 1123 3194 15

103 3207 196 3262 levius
215 3225 237 3264 c.
311 3215 345 3265 16
358 3207 532 3280 fenigrecum
544 3208 597 3273 (sic
609 3223 641 3277 q,
659 3205 760 3262 fenu—
773 3211 809 3276 p)
826 3224 900 3278 equa
912 3225 958 3280 pp,
976 3207 1070 3278 ienug'
1086 3211 1121 3262 cir

103 3277 204 3347 eliqua
222 3295 244 3334 c.
319 3287 351 3336 1⁵1
370 3283 450 3335 ut-
464 3277 601 3349 qualitate
619 3294 637 3348 q
655 3279 701 3347 (cd
719 3285 816 3334 cerusa
835 3283 929 3335 careat
947 3279 1063 3336 calitatd
1083 3281 1124 3352 c),

53 3351 138 3404 ·ut
152 3351 266 3406 omnino
280 3352 502 3420 terracareetp.
577 3355 609 3405 18
624 3351 660 3420 (ct
675 3353 718 3418 19)
735 3353 948 3420 coqp(coques
962 3367 984 3417 c,
998 3354 1064 3406 co‘i
1073 3351 1115 3416 p).

105 3427 140 3562 ,19
160 3419 287 3561 dimitqat
304 3437 348 3492 pc:
367 3422 491 3491 deponat
505 3437 535 3490 p.
621 3419 722 3490 priori:
741 3422 782 3476 elo
799 3437 858 3490 pop.
951 3425 985 3475 20
1004 3369 1123 3488 vibere

117 3509 192 3547 -rrs
210 3509 263 3561 op.

160 3589 565 3644 OasslusFallx,ad.V.Rose.
945 3585 963 3631 4
1007 3604 1009 3610 ’
