2588 4028
559 266 602 274 -
651 177 802 294 160ss

170 393 243 457 pora
265 375 439 456 frequenter
461 375 558 436 bieme
582 382 614 435 et
631 376 766 436 autumni
789 373 847 434 lina
867 375 1022 454 contingit,
1042 381 1074 434 et
1092 377 1185 453 magis

170 463 289 544 quando
310 463 407 526 biems
429 463 602 544 inchoatur,
628 481 720 524 verno
744 470 844 526 autem
866 470 898 523 at
920 470 1033 524 aestate
1056 461 1185 526 difficile.

259 553 494 633 peripleumonia
524 569 595 614 vero
633 559 679 612 est
710 553 842 614 causatio
873 552 906 612 iu
938 557 1000 612 toto
1036 549 1185 632 pulmone,

171 661 208 703 ex
232 659 289 721 qua
308 643 455 721 contingit
472 649 572 704 tumor
590 641 656 702 lieri
673 642 705 702 in
723 637 897 702 viscoribus.
930 641 1068 718 seqnitur
1086 647 1185 700 autem

143 738 309 810 ouegrotos
339 729 431 792 febris
455 737 553 803 acuta,
576 729 707 790 thoracis
730 726 858 807 gravedo
881 745 950 790 cum
973 730 1186 808 contractione,

172 827 203 880 et
225 821 333 900 supino
352 821 444 898 ungis
468 817 619 880 schemate
638 824 672 878 et
696 816 784 880 altius
802 818 898 896 capite
913 818 1019 878 iacere
1038 815 1186 878 delectan-

172 917 237 990 tur,
274 910 305 968 in
341 908 419 970 latus
455 924 526 968 vero
565 905 693 968 difficile.
738 913 826 984 sputa
857 907 948 968 etiam
979 905 1117 968 similiter
1154 914 1187 966 ut

171 995 329 1076 pleuretioi
346 998 497 1076 proiciunt
511 1003 541 1056 et
558 993 689 1074 linguam
708 992 892 1056 subalbidum
910 993 1077 1074 proterunt.
1114 1001 1185 1056 tunc

172 1085 351 1144 accessionis
374 1092 509 1163 tempore
528 1081 676 1143 anhelitus
698 1084 854 1164 increscit,
878 1081 971 1144 rubor
990 1081 1133 1142 malarum
1154 1083 1186 1141 in

132 1187 158 1226 ro
172 1171 255 1232 vultu
275 1171 451 1234 ostenditur.
487 1173 640 1251 peioraute
659 1173 885 1251 compassione
906 1188 975 1232 cum
994 1170 1030 1230 ad
1050 1169 1188 1231 ultimum

171 1262 308 1320 venerint
330 1267 534 1342 aegrotantes,
557 1259 668 1322 stridor
690 1259 740 1320 illc
763 1262 889 1322 interior
912 1260 1043 1340 gutturis
1066 1269 1187 1320 resonat

172 1367 262 1428 quem
285 1347 390 1409 Graeci
413 1366 538 1430 rogmon
561 1345 716 1430 appellant.

261 1437 432 1498 ellioluntur
474 1437 647 1516 frequenter
689 1455 726 1498 ex
767 1433 1012 1498 antecedentibus
1051 1435 1188 1497 similiter

173 1525 270 1588 causis
294 1523 402 1604 quibus
422 1533 452 1586 et
473 1525 650 1606 synanchica
672 1525 770 1605 passio
794 1523 932 1586 allicitur.
969 1523 1127 1604 aliquando
1151 1543 1189 1586 ex

133 1613 302 1676 1⁵violontn
325 1631 471 1694 percussu
494 1615 639 1694 contingit
661 1622 713 1675 aut
732 1613 893 1676 concubitu
916 1613 1045 1694 plurimo
1069 1620 1121 1674 aut
1143 1615 1187 1674 in·

171 1703 350 1782 digestione,
379 1713 430 1765 aut
457 1705 483 1764 si
511 1703 579 1782 quis
605 1701 722 1782 pondus
749 1721 836 1782 grave
864 1701 1038 1764 baiulaverit
1061 1709 1092 1762 ct
1120 1711 1189 1782 post

170 1794 270 1872 ipsum
307 1791 438 1852 laborem
476 1793 579 1852 sitiens
617 1793 705 1852 nimis
742 1790 879 1872 frigidam
914 1792 1066 1872 potionem
1102 1809 1190 1870 prae·
1287 1825 1288 1836 κ

172 1882 342 1960 sumpserit.

261 1969 292 2026 in
316 1963 520 2026 curationibus
545 1973 644 2027 autem
670 1969 695 2026 si
718 1969 828 2028 nimius
852 1969 943 2029 fuerit
966 1966 1050 2028 dolor
1069 1975 1188 2048 oportet
1288 2033 1289 2040 χ

131 2069 158 2110 ao
172 2056 203 2114 in
225 2053 348 2114 brachio
371 2052 571 2115 llebotomiam
594 2051 748 2137 adhibere,
772 2059 798 2118 si
821 2063 920 2118 tamen
944 2058 1056 2117 ventris
1078 2055 1187 2116 solutio
1288 2119 1289 2126 χ

172 2145 292 2205 minime
325 2142 507 2224 impedierit,
546 2161 581 2204 ex
614 2162 650 2204 eo
682 2143 796 2206 scilicet
828 2143 950 2206 brachio
984 2143 1063 2224 quod
1096 2145 1189 2205 luerit
1288 2135 1289 2170 ³

171 2233 296 2312 patienti
318 2230 405 2293 latori
433 2233 631 2308 contrarium,
658 2232 689 2292 id
717 2233 797 2312 quod
820 2235 984 2313 antispasiu
1007 2243 1127 2314 vocant,
1158 2245 1188 2294 et
1288 2229 1289 2310 s

172 2329 287 2382 tantum
317 2319 475 2382 detrahere
508 2328 653 2400 quantum
685 2329 765 2381 aetas
798 2329 828 2382 et
859 2323 967 2384 virium
1000 2321 1125 2400 qualitas
1158 2332 1189 2382 et
1288 2311 1289 2334 ¹

172 2410 254 2486 regio
279 2417 309 2469 ct
331 2415 450 2488 tompus
473 2417 504 2469 et
527 2427 616 2469 causa
639 2417 669 2469 et
691 2409 862 2490 magnitudo
885 2412 1063 2490 poposcerit.
1108 2417 1139 2470 ct
1163 2413 1189 2470 si

131 2509 158 2551 aa
173 2504 276 2556 venter
313 2513 373 2558 non
410 2496 529 2577 iecerit,
565 2495 671 2558 blando
709 2506 739 2558 ct
775 2497 933 2560 chalastico
970 2498 1097 2578 clystere
1137 2497 1188 2559 de·

245 2653 258 2702 1
279 2647 416 2720 contingit
429 2665 464 2718 p:
483 2665 534 2703 oon.
553 2665 575 2704 c.
653 2651 683 2704 et
701 2649 791 2721 magia
810 2668 837 2706 c:
861 2667 912 2708 om.
927 2668 958 2720 p.
1040 2656 1055 2706 2
1075 2651 1188 2720 quando

171 2735 274 2790 hiems:
294 2735 424 2806 quotiens
443 2737 509 2806 (pro
531 2741 588 2806 quo
606 2736 688 2808 iems)
708 2755 731 2807 c,
751 2726 769 2808 ἃ
788 2741 864 2808 (quo)
877 2739 967 2811 yemis
981 2757 1012 2809 p.
1085 2746 1139 2812 lq
1156 2757 1188 2810 p,

171 2825 227 2875 quo
246 2825 268 2864 c.
376 2807 407 2862 in
428 2823 479 2862 om.
498 2825 528 2878 p.
636 2813 733 2866 autem
751 2826 801 2866 oon.
821 2826 842 2866 c.
952 2809 1060 2867 bleb'c
1076 2812 1141 2879 (cic)
1157 2813 1187 2882 pL

171 2914 285 2998 olraooe
302 2931 326 2980 o,
344 2883 446 2997 obdep
464 2901 587 2984 (odtbtoe
600 2917 655 2998 pil.
728 2922 745 3000 t}
764 2917 856 2987 capita
875 2933 901 2973 o:
922 2935 941 2973 a
959 2917 1052 2988 capite
1068 2935 1097 2987 p.
1171 2926 1188 2974 8

172 2986 492 3126 titinnius?
511 3002 537 3054 ⁶’
561 2987 1096 3126 illidiitllllllirll·noniiad
1115 2988 1189 3114 Ἢ

172 3071 273 3206 {bbgbs
286 3142 317 3196 p.
391 3131 424 3180 12
443 3143 560 3196 ragmon
580 3145 607 3196 c,
629 3145 746 3200 regmen
760 3075 818 3198 pp,
865 3137 898 3185 13
917 3129 1037 3185 efficitur
1055 3147 1077 3184 c.
1151 3131 1188 3184 si-

172 3194 277 3250 mrhter
294 3197 335 3250 sic
353 3213 394 3265 cp.
472 3203 507 3251 14
525 3197 651 3254 eironeia
669 3217 696 3265 o,
715 3201 832 3256 —cbicn
844 3217 874 3269 p.
954 3199 1144 3256 elicitorem.
1165 3218 1187 3256 c.

173 3271 206 3319 lb
225 3267 257 3320 ias
274 3281 360 3336 usurp.
374 3273 410 3335 ρο
428 3274 440 3320 i
459 3264 476 3321 b
494 3268 585 3323 doute.
667 3277 699 3325 1⁷
719 3273 870 3341 sumpserit
884 3288 913 3340 p.
993 3278 1025 3326 19
1045 3272 1142 3326 autem
1160 3287 1188 3326 o:

171 3352 238 3391 vero
253 3354 283 3405 p.
367 3342 400 3392 at
421 3353 516 3394 exeo.
536 3356 605 3408 sp:
625 3343 702 3397 etos
721 3340 856 3398 silibeto.
944 3349 977 3396 22
997 3342 1027 3396 id
1045 3343 1135 3412 quod:
1154 3345 1188 3397 ut

170 3407 209 3488 <ir
216 3411 249 3477 p)
269 3409 344 3477 quod
358 3411 387 3480 (q
401 3409 426 3477 o)
440 3424 482 3478 cp.
554 3410 710 3481 antispasin
724 3428 746 3481 c,
765 3413 884 3483 adiposi
893 3430 923 3482 p.
997 3417 1031 3468 25
1047 3416 1146 3468 venter
1159 3430 1187 3468 c:

171 3479 252 3534 nume
267 3495 297 3548 p.
372 3479 475 3536 cliebari
493 3497 515 3536 c.
