2588 4028
552 238 792 302 -142-

166 385 284 464 aliquod
309 385 504 445 fortissimum
528 382 598 442 dare
617 382 663 442 vel
687 399 836 462 apponere
855 400 952 461 neque
979 384 1186 444 vacuationem

166 475 293 552 aliquam
316 475 427 554 lacere,
450 490 539 552 quam
562 473 685 532 cenosin
708 478 827 551 vocant,
856 472 916 530 sive
940 489 995 550 per
1022 470 1186 550 clysterem

166 581 264 622 acrem
292 561 455 622 adhibitum
485 563 545 621 sive
579 577 634 638 per
665 561 870 638 purgatorium
898 559 999 619 datum
1032 562 1093 620 sive
1127 578 1185 640 per

165 650 372 711 flebotomiam.
415 649 467 710 sed
494 655 651 728 postquam
682 648 836 726 aegritudo
864 649 969 726 pepsin
1002 648 1121 728 lecerit,
1152 648 1184 708 id

139 747 212 800 sest
248 739 457 818 digestionem,
491 746 559 816 post
594 735 673 796 Vllll
710 744 761 796 aut
797 735 838 796 XI
869 737 1069 816 accessiones,
1107 753 1184 814 quas

166 827 271 888 Graeci
301 828 490 906 episomasias
519 833 638 906 vocant,
670 825 816 884 adiutoria
848 831 967 902 oportet
998 824 1183 903 impendere.

165 935 233 976 uam
258 926 287 976 et
311 915 466 975 Galenus
490 915 525 974 ad
546 913 726 974 Glaucouem
750 912 885 972 scribens
909 914 962 972 ait:
986 913 1038 990 qui
1060 914 1092 972 in
1114 915 1183 992 ipso

165 1007 250 1064 initio
273 1003 392 1082 aliquod
416 1003 664 1062 medicamentum
693 1000 853 1080 dederunt,
881 999 918 1060 de
942 1000 1069 1079 simplici
1093 1018 1182 1080 quar·

165 1102 233 1152 tana
261 1092 435 1170 frequenter
458 1090 607 1170 duplicem
629 1091 780 1169 lecerunt,
803 1088 939 1150 similiter
962 1097 992 1149 et
1014 1091 1046 1148 in
1069 1088 1183 1168 duplici

126 1195 152 1234 1⁰
167 1179 271 1240 dantes
298 1179 446 1259 triplicem
474 1186 649 1257 quartanam
676 1179 821 1238 lecerunt.
863 1185 893 1238 et
920 1179 1029 1238 iterum
1052 1179 1093 1238 ait
1116 1180 1182 1256 ipse

167 1275 460 1347 supramemoratus
485 1266 655 1346 Galenus,
684 1284 715 1326 se
740 1268 831 1326 scisse
855 1265 1004 1348 medicum
1032 1265 1182 1344 quendam

166 1359 197 1416 in
223 1359 288 1436 ipso
315 1357 401 1416 initio
429 1353 624 1434 aegritudinis
652 1371 756 1414 ausum
784 1354 876 1414 luisse
905 1353 975 1414 darc
1000 1353 1055 1414 sub
1083 1353 1182 1416 tribus

167 1446 318 1522 quartanis
345 1443 491 1520 laboranti
513 1443 679 1504 antidotum
706 1442 786 1521 quod
809 1441 973 1521 appellatur
1001 1441 1182 1502 diecbidnou

114 1537 116 1547 '
167 1532 296 1592 theriace
320 1531 376 1593 sub
399 1535 464 1611 ipso
483 1541 618 1612 tempore
642 1532 805 1610 augmenti,
828 1539 858 1591 et
876 1529 1115 1591 increscentibus
1138 1532 1182 1592 lc·

126 1633 151 1674 15
166 1620 270 1681 bribus
298 1621 472 1682 ardentibus
499 1640 533 1682 ac
561 1619 680 1698 iugibus
707 1619 754 1679 vel
776 1620 926 1680 continuis
955 1618 1107 1678 hominem
1131 1637 1180 1679 oc·

165 1709 244 1770 cidit.
291 1710 370 1770 unde
407 1710 477 1770 olim
510 1711 632 1770 senior
668 1707 911 1787 Hippocrates
944 1715 1111 1768 commotus
1148 1709 1189 1768 in

165 1798 305 1858 alorisrno
334 1798 512 1876 generaliter
542 1797 652 1857 dixisse
675 1796 857 1875 ostenditur,
885 1802 1047 1856 maturatas
1075 1813 1182 1856 causas

165 1885 275 1946 debere
303 1888 415 1966 curari,
442 1885 551 1946 crudas
579 1902 649 1944 vero
677 1886 807 1944 minime.
848 1892 1007 1962 propterea
1035 1883 1183 1944 admoneo

165 1982 199 2032 ut
226 1981 294 2051 post
321 1971 399 2031 Vllll
424 1972 469 2032 vel
491 1972 532 2032 Xl
561 1971 730 2052 periodum,
759 1974 785 2032 si
813 1972 889 2034 forte
913 1973 1003 2032 nimia
1026 1975 1180 2051 sanguinis

124 2073 150 2114 20
163 2060 316 2140 plenitudo
345 2063 490 2142 coegerit,
522 2063 554 2122 in
581 2059 703 2122 brachio
731 2061 854 2120 sinistro
882 2077 986 2120 venam
1013 2061 1181 2122 medianam

237 2274 250 2320 1
276 2266 488 2323 evacuationem
511 2284 533 2323 c.
641 2267 686 2321 bic
707 2271 743 2336 1⁹⁰
764 2267 797 2320 io
821 2282 921 2336 uturp:
950 2266 1138 2336 Ypocrabesi
1163 2274 1184 2322 a

164 2341 220 2426 dag.
248 2342 310 2410 Nol
330 2356 404 2424 quod
429 2355 524 2426 plures
549 2356 615 2410 sunl
639 2371 722 2410 cause
746 2353 901 2424 inquibus
927 2357 1022 2409 errant
1048 2353 1181 2410 iaciendo

165 2427 312 2481 elisterem.
345 2429 378 2480 ut
399 2425 446 2480 hic
464 2426 540 2480 etin
558 2441 631 2495 pass.
652 2429 699 2480 ca⁰
718 2425 864 2496 (capitulo)
882 2425 917 2480 de
942 2424 1182 2481 malleationibus.

164 2495 305 2552 caenosin
323 2513 349 2566 c,
369 2496 503 2551 chenosin
516 2513 547 2564 p.
610 2499 713 2552 vocant
730 2513 759 2550 c:
778 2495 876 2550 dicunt
889 2513 919 2564 p.
984 2495 1097 2552 clisbere
1116 2513 1182 2568 acre

165 2570 290 2637 (-crum
303 2569 337 2637 p)
357 2584 398 2635 cp.
481 2566 674 2622 aadhibitum
692 2583 742 2623 om.
757 2583 787 2636 p.
869 2567 967 2620 datum
988 2583 1039 2622 om.
1053 2585 1085 2636 p.
1162 2575 1181 2622 4

163 2645 225 2708 pesi
244 2654 277 2706 cp
299 2637 390 2707 (posin
403 2643 440 2707 ρο
461 2638 494 2692 io
511 2639 617 2707 marg).
723 2637 824 2692 fecerit
841 2653 868 2692 e:
887 2653 937 2692 oro.
953 2655 985 2707 p.
1096 2644 1181 2693 bao-

164 2707 297 2764 cessionis
316 2726 338 2764 c.
430 2715 446 2762 6
465 2707 644 2778 episomasias
662 2726 689 2776 c,
716 2707 854 2777 episemas
868 2725 900 2778 p.
992 2707 1135 2765 adiutoria
1152 2727 1180 2764 c:

163 2796 214 2835 om.
229 2797 259 2849 p.
337 2782 402 2836 ‘let
419 2796 447 2835 c:
470 2795 520 2834 om.
536 2797 567 2850 p.
646 2779 775 2848 galienus
793 2796 826 2848 cp
844 2779 920 2846 (Gal.
940 2779 1000 2846 XI,
1018 2784 1075 2848 40).
1147 2784 1182 2834 ut

163 2852 199 2906 ad
218 2852 255 2920 gl.
270 2869 292 2907 c.
365 2851 414 2921 qui
427 2843 523 2921 (duone
542 2851 618 2920 quod
632 2852 679 2920 (q)
693 2867 724 2919 p,
744 2849 846 2918 ouon,
861 2851 1020 2920 (quotquot,
1034 2868 1089 2920 pro
1100 2852 1181 2920 quod

163 2921 239 2992 quil)
259 2939 281 2978 e.
354 2925 419 2977 θεὴ
436 2938 486 2978 om.
507 2939 528 2979 c.
600 2921 631 2976 in
649 2920 791 2990 duplicem
804 2937 834 2990 p.
910 2925 943 2975 10
963 2925 1133 2991 quartanam
1151 2939 1180 2977 c:

163 3009 213 3047 om.
232 3010 263 3061 p.
376 2999 513 3064 usupra
536 2996 706 3048 memoratus
725 3008 752 3047 e:
775 3007 863 3061 om.p
885 2993 932 3060 (ef.
953 2991 1015 3047 Gal.
1037 2991 1101 3060 XI,
1123 2997 1181 3060 40).

166 3069 197 3116 12
216 3063 278 3131 ipso
296 3079 346 3118 om.
361 3081 392 3132 p.
466 3071 498 3118 13
517 3063 711 3119 laborantibus
730 3079 794 3132 cp..
844 3063 944 3132 diseno
963 3079 986 3130 c,
1007 3063 1142 3118 dracmdd
1157 3081 1182 3132 p

163 3129 223 3198 (διὰ
233 3132 289 3186 τῶν
300 3129 419 3202 ἐχιδνῶν
430 3134 512 3204 Gal).
578 3141 611 3188 14
620 3135 717 3189 tiriaca
727 3151 769 3203 cp.
828 3133 964 3216 temporis
974 3137 1128 3204 augmento
1138 3151 1180 3202 cp.

165 3208 197 3256 15
213 3201 259 3256 vel
272 3218 299 3256 c:
314 3219 347 3256 uc
356 3219 386 3271 p.
452 3211 485 3258 16
500 3205 567 3259 olim
581 3221 608 3259 c:
623 3205 659 3261 ul.
674 3205 733 3274 (aie)
743 3222 776 3275 p,
789 3205 832 3260 ali
845 3205 939 3274 (abus)
947 3210 991 3273 10⁰·
1058 3221 1180 3274 ypocras

164 3274 643 3400 rebullituldlalldb
658 3275 804 3400 „lilla
832 3273 909 3402 2²³⁰
923 3275 1179 3415 pallidam·

163 3431 237 3486 ppeu
255 3430 281 3468 c:
305 3413 437 3468 Preterea
449 3432 480 3485 p.
552 3431 671 3471 amoueo
689 3420 722 3471 ut
740 3433 776 3485 p,
800 3416 919 3471 admone
939 3420 972 3472 ut
990 3433 1012 3473 c.
1088 3423 1120 3472 19
1139 3417 1180 3471 IX
1287 3403 1288 3406 ¹

163 3486 210 3539 vel
227 3485 266 3540 XI
284 3501 307 3554 c,
325 3501 431 3539 nonum
448 3485 493 3540 vel
512 3485 551 3539 XI
565 3503 596 3555 p.
670 3491 704 3542 20
723 3487 882 3542 medianam
901 3504 927 3543 c:
946 3485 1069 3542 mediam
1083 3504 1114 3556 p.
1287 3487 1288 3490 ’
