2588 4028
517 225 757 289 —139-

126 369 220 428 veteri
243 375 274 428 et
296 370 376 429 nitro
395 376 426 428 et
443 367 538 428 melle·
550 366 667 428 modico
687 366 816 428 adhibita
837 367 969 430 vertebri
986 369 1142 431 humorem

126 456 267 536 frigidum
298 457 453 536 depurgat.
504 458 530 516 si
559 473 630 516 vero
660 463 729 534 post
758 456 919 518 secundam
948 457 995 518 vel
1023 460 1142 520 tertiam

126 547 318 606 iniectionem
340 546 463 606 minime
486 545 599 606 luerint
621 543 744 604 relevati
765 547 926 626 patientes,
956 548 1142 608 extrinsecus

125 632 182 693 sub
206 632 346 694 clunibus
365 640 396 694 et
413 632 522 693 humor
544 635 608 713 ipse
627 632 810 713 ostenditur,
832 641 953 713 praeter
971 652 1006 694 ea
1024 643 1143 713 oportet

124 723 208 800 ipsos
226 719 397 782 laborantes
415 720 510 781 calido
525 723 569 782 uti
588 719 704 782 lavacro
723 729 754 782 et
770 721 836 782 loca
850 739 927 800 quae
946 722 1058 783 luerint
1075 721 1168 784 oleo⁶

124 808 172 870 vel
201 816 354 888 unguento
382 809 494 888 polluta
521 808 746 889 diligentissime
778 809 876 889 pridie
903 827 1014 890 sapone
1043 809 1142 872 lavari.

123 895 234 958 dehinc
257 896 314 958 alia
337 896 384 958 die
407 897 539 977 thapsiae
563 915 636 958 suco
659 899 739 977 ipsas
763 897 862 959 illines
883 907 985 977 partes
1008 906 1039 960 et
1062 901 1142 959 sines

121 985 221 1046 donec
248 984 392 1046 inflentur
414 1003 468 1046 seu
496 985 716 1068 pustnlescant,
744 995 775 1046 et
801 995 870 1065 post
892 986 957 1048 dies
980 986 1021 1048 lll
1044 996 1096 1048 aut
1118 985 1142 1042 V

123 1075 272 1134 cerotario
304 1091 341 1134 ex
374 1073 528 1153 diachylon
561 1075 698 1134 conlecto
730 1077 833 1136 uteris.
879 1077 926 1136 sio
954 1093 1024 1136 vcro
1051 1077 1141 1136 nimis

122 1161 252 1224 acerbus
281 1164 412 1241 coegerit
439 1162 537 1243 dolor,
565 1165 654 1223 etiam
677 1170 708 1224 et
734 1165 765 1224 in
789 1163 928 1224 cruribus
952 1181 1042 1243 supra
1065 1163 1181 1224 talos1⁰

124 1252 284 1312 interiores
311 1268 401 1310 venas
433 1251 547 1312 incides
578 1259 609 1312 et
639 1259 709 1331 post
740 1251 955 1312 detractionem
987 1254 1140 1330 sanguinis

125 1340 233 1400 iactam
256 1337 472 1400 medicamento
500 1338 661 1418 emplastro
688 1338 850 1400 ischiadico
879 1341 982 1400 uteris.
1017 1349 1048 1400 et
1071 1357 1139 1400 con·

124 1429 224 1488 ficitur
252 1429 305 1488 sic.
346 1429 455 1506 recipit
482 1427 617 1507 ederem,
645 1429 770 1506 sinapis,
796 1429 923 1508 pyretri,
951 1428 1140 1507 statisagriae,

123 1515 265 1576 bacarum
293 1515 383 1596 lauri,
412 1517 554 1588 samsom,
581 1517 666 1591 nitri,
693 1517 819 1596 piperis,
847 1518 980 1576 omnium
1007 1525 1075 1576 octo
1104 1529 1140 1577 ÷

122 1603 269 1684 singulas,
300 1605 417 1664 resinae
441 1601 579 1668 frixae3
600 1601 651 1682 Vl,
674 1620 760 1663 cerae
784 1611 814 1663 et
836 1603 895 1663 olei
917 1605 1026 1664 veteris
1048 1602 1179 1664 libres1⁵

121 1692 262 1772 singulas.
300 1709 338 1752 ne
362 1690 450 1752 molle
474 1699 573 1772 exeat,
595 1688 616 1756 5
639 1689 677 1750 Vl
700 1692 800 1752 mittes
823 1690 889 1750 olei.

429 1867 516 1930 Lllll.
552 1866 600 1928 Ad
623 1866 827 1956 paralysim.

211 1991 266 2053 Est
294 1999 391 2052 autem
419 1992 562 2072 paralysis
590 1977 721 2052 causatio
750 2009 909 2053 nervorum
939 1993 991 2070 qni
1014 1991 1139 2071 singulis

124 2081 255 2143 motibus
278 2079 481 2140 membrorum
509 2083 676 2140 inserviunt
699 2088 750 2140 aut
778 2098 906 2159 quornm
929 2079 1057 2140 naturali
1079 2079 1137 2140 col-

123 2171 264 2250 ligatione
288 2167 402 2247 singula
426 2167 559 2228 membra
582 2175 737 2246 reguntur.
774 2186 809 2227 ex
829 2185 886 2245 qno
905 2169 1051 2245 contingit
1073 2169 1178 2226 sineno

120 2260 296 2340 operatione
320 2257 398 2316 ellici
421 2265 523 2336 partes
546 2273 621 2334 quae
645 2257 807 2334 patiuntur.
845 2261 874 2314 et
893 2263 964 2314 sunt
982 2253 1137 2314 distantiae

193 2506 209 2554 3
238 2496 357 2552 relevati
386 2513 412 2552 c:
439 2497 558 2552 revelati
580 2513 611 2567 p.
734 2495 831 2551 teob
859 2494 961 2551 cubitis
986 2496 1088 2551 humor
1115 2510 1137 2562 c,

119 2571 235 2660 snedbg
244 2587 421 2664 rhumorp.
525 2585 585 2656 ipse
604 2601 654 2641 om.
670 2602 701 2654 p.
799 2587 928 2655 preterea
940 2602 977 2655 p.
996 2586 1137 2654 posteac.

122 2661 320 2758 spollntep·
338 2675 482 2744 poouloc.
554 2673 646 2744 pridie
663 2675 724 2744 (sic)
739 2689 794 2743 pro
812 2675 903 2743 prime
921 2673 966 2729 die
984 2690 1026 2742 ep.
1098 2673 1138 2727 lo-

120 2746 241 2815 veerte,
258 2747 399 2816 laverep.
481 2751 626 2802 tenedo.
707 2745 794 2799 illinis
812 2761 854 2814 cp.
926 2743 994 2798 einis
1008 2760 1049 2812 cp
1122 2749 1138 2798 8

119 2817 317 2889 pnetoleecent
334 2833 368 2886 cp
393 2817 440 2884 (es.
462 2815 533 2872 (lael.
552 2818 661 2885 Aemo
664 2819 764 2884 ..553)
873 2815 1046 2868 soeroterio
1065 2815 1138 2882 etp,

120 2891 274 2946 centaurea
291 2904 366 2942 exc.
440 2887 581 2942 dieohilon
600 2833 661 2969 opp
714 2883 841 2940 conlecto
857 2883 991 2953 (-tio)p
1010 2884 1085 2952 (-ιο
1104 2887 1138 2952 c).

122 2960 173 3016 Sin
191 2961 254 3026 (ubi
271 2977 291 3012 n
310 2959 343 3012 iae
360 2975 416 3013 ros.
435 2963 566 3041 comp·
560 2956 657 3012 ,Src
740 2962 774 3010 10
793 2955 955 3010 acerbusc:
974 2971 1039 3009 acer
1057 2955 1086 3022 (1
1105 2970 1139 3008 ee

120 3031 404 3099 commodiorem
481 2975 568 3084 etiem
591 3043 642 3082 oro.
662 3043 684 3082 c
763 3031 795 3078 11
814 3025 959 3080 inferiores
978 3042 1018 3096 cp.
1096 3025 1139 3080 in-

119 3101 191 3157 cidie
218 3118 233 3156 c
260 3100 356 3168 (-—des
379 3103 418 3170 p.)
534 3105 567 3153 12
595 3097 832 3153 medicamentum
860 3113 901 3166 op.
1014 3095 1140 3166 epleueti

4 3217 5 3240 ¹
114 3173 325 3244 fflordredffi
344 3171 429 3240 epl'm
447 3169 577 3241 sciaticus
596 3187 611 3236 z
630 3167 815 3240 piitialicirc.
898 3173 930 3223 13
949 3169 1020 3235 lic:
1041 3185 1092 3222 om.
1107 3185 1137 3238 p.

119 3259 284 3315 aderieise.
357 3259 492 3328 sinapio.
511 3275 628 3330 -pegm
716 3263 750 3313 14
768 3260 825 3314 οιῐιῑ
843 3259 906 3313 octo
925 3239 959 3322 3
978 3258 1021 3312 sin
1022 3257 1138 3327 g'21eee

120 3335 212 3401 ιῇ.-,-
184 3332 251 3386 -’-.Ι
265 3347 297 3400 12.
372 3335 405 3384 15
425 3329 486 3385 ι’.ιι
503 3329 559 3385 olor
573 3329 668 3385 utens
687 3328 791 3400 imglis
804 3347 883 3386 ne
899 3275 1042 3398 .(aic)c.g
1093 3332 1137 3382 afr

119 3403 148 3458 l'.
168 3403 190 3459 Ι.
205 3419 236 3472 p.
311 3405 344 3456 16
359 3417 394 3456 ne
408 3401 495 3457 molle
509 3402 665 3470 exeat(sic)
679 3417 712 3470 cp
731 3401 812 3470 (forte
829 3401 909 3457 scrib.
932 3403 982 3456 ιιιι
999 3419 1025 3456 n.
1040 3417 1077 3455 m.
1092 3399 1136 3467 ι).

122 3480 155 3530 17
175 3473 219 3528 De
236 3472 366 3543 passione
384 3471 545 3542 paralisip.
619 3476 653 3526 21
673 3471 782 3528 efficere
801 3489 842 3542 cp.
