2558 4022
481 219 701 283 -27..

173 366 198 424 si
225 382 296 424 vero
324 362 434 424 rideris
462 365 583 424 minimo
611 380 699 442 posse
728 364 839 444 spargi,
870 363 923 425 sed
947 365 1040 444 magis
1063 364 1098 426 ad

81 452 273 513 nutriendam
296 454 409 512 saniem
432 450 596 525 declinare,
624 450 830 530 cataplasmate
857 455 952 514 uteris
981 471 1017 513 ex
1047 455 1099 514 tri·

81 543 161 601 tioeo
184 541 294 620 polline
318 548 349 600 et
370 541 470 600 resina
494 538 686 620 terebintus,
715 539 795 618 quod
818 543 956 620 superius
980 540 1016 602 ad
1039 559 1098 602 ma-

80 629 225 690 turandas
261 627 412 708 parotidas
447 629 684 688 memoravimus.
733 635 764 688 et
796 636 953 708 postquam
989 629 1100 692 rideris

81 717 290 778 collectionem
309 715 386 778 bene
405 717 498 778 luisse
517 724 693 778 maturatam
711 724 742 777 et
760 717 839 777 sicut
857 716 1126 798 Hippocratesc

80 808 113 866 in
137 807 330 885 prognostico
353 804 425 866 dicit
447 807 479 866 iu
497 811 618 866 acutum
638 804 811 885 deductam,
835 805 986 885 chirurgia
1005 810 1099 868 uteris

80 894 139 954 hoc
155 893 253 954 modo.
289 894 385 973 pridie
408 892 560 974 chirurgia
582 893 748 954 curandum
766 911 782 953 a
801 911 875 954 cena
894 902 925 956 et
942 897 1010 956 vino
1033 894 1099 956 abs·

80 981 205 1064 tinebis,
235 989 266 1042 ct
291 981 461 1043 lucescente
490 982 538 1044 die
568 981 695 1063 simplici
724 983 915 1045 consectione
938 983 1098 1046 divisuram

81 1070 178 1131 dabis:
202 1088 270 1130 nam
289 1069 394 1131 Graeci
412 1070 499 1150 aplen
518 1071 649 1132 dieresin
667 1079 782 1133 vocant.
820 1079 851 1133 et
869 1091 938 1134 cum
957 1073 1098 1134 saniolam

81 1159 231 1240 effuderis,
253 1177 290 1219 ex
307 1166 434 1238 utraque
454 1162 595 1220 sectionis
613 1168 698 1240 parte
713 1160 896 1222 sufficientes
914 1161 1075 1241 particulas
1091 1156 1095 1245 Ι
1113 1178 1139 1218 ιο

81 1249 213 1328 auteres,
241 1255 276 1308 ut
301 1249 333 1308 iu
361 1247 585 1309 similitudinem
613 1247 676 1308 lolii
703 1249 780 1310 lauri
807 1257 859 1310 aut
885 1257 999 1330 myrtae
1028 1252 1132 1317 arti-r.
1147 1264 1186 1306 no

80 1338 148 1397 licio
176 1354 281 1396 manus
310 1335 448 1415 designes
475 1339 648 1398 sectionem.
692 1337 745 1398 ubi
767 1355 838 1398 voro
862 1337 995 1399 membra
1018 1357 1097 1400 com·

80 1425 184 1505 plicari
207 1424 333 1505 videris,
356 1432 390 1485 ut
413 1425 539 1504 exempli
563 1443 652 1486 causa
674 1435 743 1505 post
765 1444 869 1488 aurem
895 1426 941 1488 vel
964 1427 1021 1488 sub
1045 1427 1098 1508 ala,

80 1516 242 1574 incisuram
261 1513 361 1594 iacies,
379 1512 437 1572 boc
457 1521 503 1574 est
520 1513 680 1574 rotundam
699 1532 786 1592 quam
806 1512 912 1576 Graeci
933 1517 1097 1596 strongylo-

80 1604 192 1663 tomian
224 1609 339 1662 vocant.
396 1608 468 1661 tuuc
498 1603 587 1662 siccis
617 1609 648 1662 et
674 1603 858 1662 tenuissimis
886 1603 1038 1664 lemniscis
1067 1612 1098 1664 et
1112 1619 1139 1660 rs

80 1690 190 1751 tiltario
212 1689 312 1751 locum
340 1688 480 1769 calcabis,
509 1697 540 1750 et
567 1689 697 1769 desuper
716 1689 827 1769 duplici
849 1697 998 1770 ptygmate
1022 1710 1097 1771 aqua

80 1778 186 1855 frigida
213 1779 260 1839 rel
285 1796 376 1857 posca
402 1777 502 1838 inluso
530 1781 685 1857 cooperies
713 1785 744 1838 et
771 1777 869 1839 addita
897 1781 1020 1858 spongia
1043 1779 1097 1840 hu·

79 1875 207 1928 meotata
225 1866 338 1946 ligabis.
376 1865 428 1926 sed
447 1868 472 1927 si
495 1867 573 1927 forte
592 1885 680 1928 causa
699 1866 796 1946 aliqua
816 1885 889 1928 vena
908 1869 1034 1928 sectioni
1053 1870 1096 1929 in·

80 1958 211 2016 currerit
238 1963 268 2016 et
298 1957 417 2034 sanguis
449 1953 593 2016 abstineri
620 1957 742 2016 minime
772 1957 918 2038 potuerit,
951 1955 1097 2018 chalciten

79 2044 206 2105 crudum
235 2052 267 2105 et
293 2045 397 2104 tritum
424 2062 556 2123 appones
584 2050 614 2104 et
640 2043 706 2104 tilto
734 2043 833 2104 locum
861 2044 988 2105 calcabis
1011 2054 1041 2106 at
1064 2045 1096 2106 li-
1111 2062 1138 2102 so

153 2274 253 2322 lvcro
272 2284 364 2323 om..c
436 2266 645 2335 acalaplasma
661 2282 680 2335 9
699 2267 821 2332 (—ms.be
840 2268 891 2336 cp).
984 2266 1096 2322 triticeo

78 2356 127 2409 99.
148 2354 257 2392 —coc
362 2337 573 2392 iterabantina
590 2353 632 2406 9ο,
649 2336 855 2406 terbentiuap
957 2338 1032 2408 quod
1050 2355 1095 2408 99.

79 2426 164 2478 quam
184 2410 231 2477 (cf.
251 2410 369 2465 odo2
349 2410 426 2477 2)9.
516 2408 685 2462 maturanda
702 2425 720 2477 9
739 2407 836 2477 (-das
854 2412 906 2478 cp).
993 2415 1096 2480 bype-

79 2482 169 2535 crates
187 2497 229 2549 9ο,
245 2495 409 2550 ypocrasp.
519 2479 781 2549 6prognostioog.
800 2481 1013 2550 pronosticisc,
1032 2498 1096 2551 pro-

79 2551 213 2620 nosticp.
286 2551 408 2606 deducta
426 2551 489 2618 (sic)
508 2567 549 2620 pc,
568 2549 699 2619 ductrip.
773 2555 789 2604 6
814 2554 872 2618 (etc
869 2554 886 2619 )
906 2551 1048 2622 chirurgus
1065 2570 1095 2623 9

78 2621 203 2705 cirurgis
220 2639 262 2692 cp.
354 2627 371 2676 8
391 2623 568 2676 consectione
582 2637 641 2690 epo.
661 2620 834 2676 corrcclrone
851 2639 878 2691 9
897 2624 1054 2679 comotione
1074 2640 1095 2691 c,

78 2692 299 2762 correptionep.
390 2692 499 2746 auam
517 2709 562 2762 pc:
585 2707 715 2762 qucmp.
808 2693 893 2761 aplsn
911 2693 1032 2749 dieresin
1050 2710 1095 2763 99,

77 2763 223 2833 apellandi
241 2763 340 2818 cresim
358 2779 373 2817 c
392 2757 561 2832 (cintoroplo
580 2763 644 2818 Gal
664 2762 754 2829 XIV,
773 2765 847 2833 781).
976 2771 1007 2818 11
1027 2765 1095 2819 arti-

78 2834 157 2888 ficio·
176 2833 285 2889 artificia
303 2833 566 2904 p⁰(—cii19cp)..
640 2851 677 2888 m.
702 2831 832 2902 designes
853 2834 1031 2902 scoticum,
1057 2852 1094 2888 m.

77 2903 203 2960 sectione
226 2903 404 2974 designasse,
428 2922 464 2960 m.
487 2903 590 2960 ifnlrce
614 2904 793 2984 designesp.
904 2910 938 2958 14
963 2903 1032 2958 facis
1050 2920 1095 2975 99,

77 2974 188 3030 facilc
296 2975 562 3058 strongrlocdomran
579 2990 610 3044 9
633 2972 879 3042 strougilotomicn
896 2979 932 3044 9ο
958 2975 1016 3044 (sed
1033 2979 1096 3032 ante

76 3063 148 3102 corr.
172 3045 474 3128 strongiquslotomion
492 3047 539 3129 9),
565 3016 788 3126 scrogdamisc.
898 3052 930 3101 15
949 3045 1028 3101 Tunc
1045 3063 1095 3117 99.

77 3117 200 3173 Nunoo.
296 3113 1094 3198 1ct1gma(tearascorr.)9‚tigmat‚epstigmeo.

78 3193 111 3243 17
131 3188 226 3243 inlusa
242 3204 302 3258 pop.
375 3187 566 3269 cooperiesp:
587 3185 757 3256 cooperisp,
777 3185 908 3257 oparisc.
997 3189 1095 3244 addita

76 3275 128 3316 orn.
143 3276 174 3329 9.
248 3259 423 3314 humectabis
441 3261 471 3313 et
489 3256 627 3339 ligabisc
702 3262 734 3312 18
750 3273 882 3327 causac:
902 3276 968 3314 casu
987 3275 1020 3328 cp
1039 3261 1095 3328 (aed

76 3329 174 3399 aliqua
186 3330 257 3402 gap).
330 3329 460 3384 sectioni·
480 3327 602 3384 sectione
616 3345 658 3398 9ο,
675 3344 767 3398 ceap
842 3335 874 3383 19
894 3329 1030 3384 abstineri
1048 3347 1093 3400 cp.

78 3419 187 3524 i-rep.
273 3399 379 3471 poterit
391 3416 422 3469 9.
506 3398 627 3455 calcitcn
645 3416 705 3470 pop.
787 3405 822 3454 20
840 3400 964 3471 tilium,
985 3400 1094 3468 tillio,

91 3473 187 3542 ubirp.
