2576 4040
573 222 813 288 -174-

182 369 308 432 maxime
330 384 455 449 pueros,
477 385 631 447 myrarum
655 375 686 429 et
708 375 821 448 myrtae
846 375 876 428 et
895 367 1044 432 coriandri
1068 374 1204 456 seminis,

182 459 315 525 omniurn
338 459 431 520 trium
453 459 623 535 specierum
646 457 828 518 decoctione.

271 545 412 624 epithima
441 543 478 606 ad
515 543 679 608 lumbricos
712 543 912 607 excludendos
945 547 1007 606 sire
1039 549 1201 612 necandos.

181 635 290 714 recipit
317 633 429 699 farinae
454 633 551 713 lupini
574 634 767 694 tenuissimae
789 645 825 695 ÷
847 633 888 716 11,
915 633 1057 696 absinthii
1081 642 1202 702 contusi
1277 711 1282 718 .

154 731 212 784 cet
239 724 316 786 creti
339 737 376 788 ÷
397 723 426 804 1,
452 728 565 801 myrtae
593 721 696 784 viridis
725 720 754 782 S.
796 723 896 784 mittes
923 724 956 784 in
983 722 1081 806 girba,
1110 729 1201 789 etin

181 829 241 890 uno
270 809 428 890 diligenter
455 813 604 891 contusis,
631 811 743 890 optimo
771 810 858 872 melle
886 810 1009 890 colliges
1032 819 1064 874 et
1088 815 1120 874 in
1144 813 1198 876 lin·

181 899 260 962 teolo
287 899 426 962 illinitum
454 899 704 962 medicamentum
731 898 897 962 visceribus
925 899 1031 962 mediis
1053 903 1199 982 impones.

181 987 338 1068 aliquando
362 1005 433 1048 rero
460 987 676 1048 medicamento
700 1004 791 1066 supra
814 989 925 1068 scripto
950 989 1158 1052 admiscemus.

270 1075 359 1138 aliud.
395 1074 524 1140 medulla
543 1077 662 1136 cervina
680 1074 745 1136 oleo
763 1075 894 1138 violaceo
913 1076 1045 1140 resoluta
1063 1096 1079 1140 a
1097 1081 1201 1141 uerris
1281 1123 1282 1130 .

141 1178 167 1217 10
181 1165 306 1226 cervicis
329 1181 405 1243 quos
427 1171 566 1226 tenentes
588 1162 693 1226 dicunt
714 1181 769 1243 per
792 1169 885 1228 totam
904 1167 1020 1244 spinam
1041 1183 1138 1245 usque
1162 1169 1201 1230 ad

180 1269 284 1314 sexum
306 1269 491 1332 perungens,
514 1260 565 1314 aut
588 1254 687 1332 ipsum
705 1251 805 1316 oleum
823 1253 987 1316 violaceum
1006 1254 1199 1334 singulariter

179 1341 361 1422 tepefactum
372 1339 495 1404 auribus
503 1339 660 1402 instillabis
673 1348 704 1401 et
716 1342 796 1420 ipsas
810 1359 952 1404 cavernas
963 1342 1029 1404 lana
1043 1342 1200 1406 obtrudes.

269 1433 316 1490 sin
345 1447 417 1490 vero
440 1447 509 1491 cum
532 1429 671 1502 adiuncta
694 1429 841 1492 solutione
865 1433 978 1492 ventris
1007 1431 1100 1493 inerit
1122 1431 1199 1494 lum·

179 1516 333 1579 bricorum
359 1519 459 1598 passio
481 1536 552 1580 cum
574 1535 747 1580 rasurarum
770 1520 937 1601 egestione,
966 1527 1039 1580 tunc
1063 1519 1200 1604 stulticie,

140 1621 167 1661 1⁶
180 1605 211 1668 id
234 1615 280 1668 est
308 1609 538 1686 constrictoriis,
567 1609 647 1668 sicut
672 1609 705 1668 in
732 1605 901 1686 dysenteria
927 1609 1040 1671 inicere
1069 1617 1200 1690 oportet,

180 1703 211 1756 et
241 1697 400 1776 propinare
433 1695 610 1776 plantaginis
638 1713 744 1756 sucum
771 1703 824 1758 aut
851 1705 989 1774 granatae
1018 1695 1119 1758 acidas
1146 1708 1200 1760 aut

181 1801 286 1846 sucum
307 1783 439 1846 coliculi
470 1793 521 1845 aut
552 1784 721 1846 limaturam
753 1801 847 1846 cornu
875 1786 988 1846 cervini
1014 1787 1046 1846 in
1074 1786 1198 1868 modum

180 1871 318 1932 coclearii
340 1873 439 1933 unius.

269 1961 295 2018 si
326 1977 397 2020 rero
428 1967 549 2038 praeter
581 1957 696 2022 febrem
728 1959 821 2021 luerit
853 1962 952 2041 passio
984 1964 1017 2024 in
1054 1961 1197 2026 diuturna

139 2059 167 2100 ro
180 2045 380 2127 aegritudine,
407 2064 496 2126 quam
519 2046 625 2110 Graeci
652 2047 806 2110 ebroniam
834 2057 953 2132 vocant,
983 2053 1072 2115 etiarn
1095 2062 1127 2114 et
1151 2052 1196 2116 lu·

178 2135 266 2214 pinos
300 2153 417 2198 amaros
448 2135 580 2198 edendos
611 2135 695 2198 dabis
723 2146 754 2198 et
785 2140 971 2199 santonicum
1004 2142 1111 2202 caricis
1140 2143 1196 2202 im-

179 2225 304 2286 missum
326 2231 357 2288 et
379 2227 482 2286 vinum
506 2225 678 2286 violaceum.

251 2383 266 2428 1
285 2375 436 2431 mixtarum
455 2394 549 2431 rerum
566 2379 631 2446 (sic)
647 2393 675 2445 c,
692 2377 794 2432 nnlau'r
808 2395 831 2447 p
850 2378 960 2448 (nixard
973 2381 1028 2449 ρο).
1056 2381 1092 2446 cf.
1109 2397 1194 2435 noxa

177 2445 290 2500 1-an.
304 2447 341 2502 A.
351 2463 382 2515 p.
396 2451 459 2502 539.
479 2452 540 2504 541.
631 2447 811 2518 elmirtep:
835 2453 865 2504 ei
885 2453 1010 2505 noctae.
1100 2456 1195 2506 roffi

177 2514 264 2570 trium
289 2521 353 2585 sper
378 2533 407 2572 e:
432 2518 533 2572 horum
559 2518 646 2572 imum
666 2535 698 2588 p.
804 2526 820 2574 3
846 2519 905 2576 sire
929 2521 1071 2577 necandos
1098 2528 1136 2591 ρο
1163 2525 1195 2577 ie

177 2601 265 2655 recep.
283 2589 346 2652 (om.
360 2590 409 2657 p):
433 2588 493 2644 siue
510 2588 652 2644 necandos
671 2605 693 2646 e.
783 2589 911 2661 tlupini
927 2590 1018 2647 farine
1034 2595 1056 2648 l.
1071 2609 1102 2674 p.
1177 2599 1194 2648 5

177 2655 289 2726 mirtep
298 2657 403 2723 (Dione.
413 2663 439 2727 1,
452 2663 532 2728 155):
545 2661 664 2714 mentae
676 2660 724 2727 (cf.
734 2660 833 2730 infru).
902 2661 1000 2717 viridis
1014 2663 1105 2718 mittis
1115 2705 1123 2718 .
1135 2707 1142 2720 .
1153 2707 1160 2719 .
1171 2680 1193 2720 c.

178 2727 260 2797 girba
273 2744 297 2795 c,
314 2727 436 2800 girbep.
509 2729 650 2800 deolligis
663 2746 686 2799 c,
706 2735 761 2802 -g
774 2748 805 2800 p.
876 2731 997 2788 linteolo
1008 2750 1041 2803 p,
1059 2733 1124 2788 -lo
1133 2741 1193 2804 p0e.

179 2797 318 2856 'lillibum
332 2816 362 2880 g.
435 2800 529 2856 viscef
544 2801 639 2856 medie
656 2817 678 2856 c.
750 2801 844 2872 iponis
858 2819 900 2872 cp.
973 2803 1193 2860 Bmedicamen-

177 2875 239 2926 lum
256 2877 275 2934 5
293 2887 310 2930 ς
329 2877 394 2941 (pro
413 2871 464 2942 SS)
487 2871 717 2939 admiscemus,
740 2871 836 2928 ml'1cri
859 2891 944 2944 supra
961 2874 1045 2930 dictis
1063 2875 1194 2932 cumsci-

176 2959 319 3068 ulida.
343 2942 714 3084 diarritorum?
733 2945 1023 3084 “dimidii
1042 2942 1192 3074 ἓέξῗῗ·

313 3055 319 3067 .
495 3057 503 3085 ,
681 3056 688 3068 .
1143 3060 1149 3072 ,
1185 3061 1192 3072 .

177 3088 210 3136 12
230 3083 343 3138 curibus
362 3085 484 3140 stillabis
497 3103 533 3154 p,
552 3087 603 3140 eui
622 3084 766 3142 columbos
783 3087 848 3154 (aie)
865 3102 887 3142 c.
960 3087 1028 3142 lane
1041 3087 1193 3144 obser-udas
1281 3119 1282 3148 ;

132 3153 239 3220 ‚(se'c)
256 3169 283 3220 c,
301 3154 380 3208 lanas
399 3156 526 3210 obairues
539 3172 570 3224 p.
645 3161 678 3210 13
694 3154 743 3208 Sin
756 3162 820 3226 ροσε
840 3155 871 3211 Si
889 3162 953 3212 unte
970 3173 1081 3227 ουτω).
1157 3165 1192 3213 15
1281 3181 1282 3184 ¹

176 3221 335 3278 desinieriia
353 3240 380 3292 c,
399 3225 546 3280 disinteria
558 3242 590 3293 p.
661 3225 765 3280 inicere
783 3242 834 3281 om.
854 3243 876 3282 e.
956 3234 989 3282 16
1008 3229 1193 3299 propinatum

176 3309 203 3359 c,
222 3293 380 3348 -nandum
399 3311 430 3363 p.
539 3301 572 3349 tr
592 3289 724 3350 cauliculi
748 3314 845 3352 sucum
858 3314 890 3367 p.
998 3303 1033 3353 20
1052 3300 1150 3354 cronia
1168 3317 1193 3368 c,
1281 3317 1282 3326 ¹

176 3402 272 3480 seroie
285 3415 315 3468 p.
389 3400 626 3470 macedonicae,
645 3373 791 3476 aadfioirp.
864 3403 964 3459 cericis
973 3410 1010 3473 p⁰
1028 3405 1137 3474 (calicia
1146 3409 1191 3477 p),

177 3485 251 3525 carro
270 3486 292 3526 e.
