2588 4028
593 235 811 299 „84-

101 406 125 445 r·
140 397 178 436 1⁹1
194 381 386 444 inflexibilem
405 397 566 442 nervorum
584 389 615 440 et
633 378 838 441 musculorum
861 381 958 440 tensio
978 397 1047 440 cum
1069 381 1184 460 ingenti
1205 377 1209 464 l

195 470 306 532 dolore.
343 469 606 550 emprostbotonos
629 475 729 529 autem
752 470 783 528 in
806 471 956 530 anteriore
984 475 1069 548 parte
1093 487 1212 531 muscu-

195 560 292 621 lorum
316 561 441 620 cervicis
465 567 495 620 et
522 574 684 618 nervorum
707 557 836 618 efficitur
860 559 1038 638 contractio,
1066 566 1100 619 ut
1124 561 1212 620 etiam

146 720 148 724 ¹
195 657 328 710 mentum
370 649 461 708 lixum
502 648 618 726 pectori
652 645 801 727 rideatur,
845 663 914 708 oum
950 647 1065 725 ingenti
1101 646 1213 711 dolore.

155 750 169 792 s
198 737 404 818 opisthotonos
423 731 522 797 autem
541 735 578 796 ad
600 736 799 815 posteriorem
821 742 937 814 partem
954 735 1162 797 musculorum
1183 745 1214 796 et

195 843 355 888 nervorum
384 826 523 905 cervicis,
555 841 630 904 quos
660 829 799 885 tenontas
827 831 946 904 uocant,
980 823 1110 885 efficitur
1144 843 1212 885 con·

196 917 302 976 tractio
335 933 405 974 cum
438 912 606 974 vehementi
637 912 748 972 dolore.
795 913 940 992 contingit
971 911 1148 991 frequenter
1179 931 1214 973 ex

196 1003 384 1064 antecedenti
402 1003 493 1062 nimia
510 1001 721 1081 perfrictione,
742 1003 880 1080 quotiens
898 1001 966 1080 plus
984 1001 1106 1081 frigoris
1126 1019 1214 1082 quam

196 1093 292 1171 possit
318 1098 424 1152 natura
451 1091 586 1168 corporis
615 1091 708 1170 ferre,
740 1091 938 1150 sustinuerint
968 1087 1153 1172 laborantes,
1186 1099 1215 1150 et

157 1194 183 1233 10
197 1179 322 1240 dorsalis
348 1177 476 1239 medulla
498 1177 683 1258 perfrixerit,
712 1195 801 1258 quam
824 1176 930 1238 Graeci
952 1180 1075 1240 noticon
1098 1178 1215 1259 myelon

197 1276 311 1328 vocant.
352 1285 420 1328 nam
448 1266 648 1346 Hippocrates
675 1269 706 1327 in
730 1267 878 1328 aforismis
901 1268 945 1328 sic
968 1268 1021 1345 ait,
1051 1285 1139 1328 omne
1163 1269 1215 1328 fri·

197 1357 300 1437 gidum
327 1355 437 1416 dorsali
470 1354 615 1416 medullae
647 1362 678 1415 et
705 1357 805 1416 nervis
833 1373 899 1416 esse
932 1355 1039 1418 hostile
1068 1359 1132 1416 sive
1160 1358 1215 1416 ini·

197 1448 322 1525 micum,
346 1444 426 1524 quod
449 1451 549 1505 autem
573 1443 700 1505 calidum
726 1445 861 1505 amicum.

285 1535 317 1594 in
337 1532 542 1594 curationibus
560 1551 631 1594 vero
652 1541 772 1613 oportet
794 1551 899 1593 omnes
921 1535 953 1594 in
976 1532 1099 1595 brachio
1123 1533 1215 1595 flebo·

158 1635 184 1676 1⁵
198 1630 311 1683 tomare
340 1621 378 1683 ob
406 1623 590 1684 nimietatem
624 1621 735 1682 doloris
767 1621 814 1682 vel
841 1621 1030 1684 relaxationis
1062 1622 1216 1684 faciendae

198 1729 300 1794 causa,
322 1713 449 1772 maxime
472 1714 499 1772 si
522 1720 553 1772 et
575 1710 774 1790 plethoricum
798 1727 909 1790 corpus
931 1709 1093 1772 habuerint
1115 1730 1219 1792 aegro-

198 1809 309 1881 tantes,
337 1799 416 1878 quod
439 1817 495 1860 nos
526 1798 617 1860 latino
641 1815 779 1860 sermone
803 1797 979 1860 abundabile
1002 1799 1131 1862 dicimus
1155 1804 1218 1862 sire

198 1887 386 1948 multitudine
415 1889 480 1947 suci
507 1886 637 1966 plenum.
682 1893 751 1966 post
777 1885 851 1948 haec
879 1887 1039 1950 chalastico
1069 1889 1218 1970 lysiponio

198 1977 302 2036 uteris.
339 1983 370 2035 et
389 1973 546 2036 conficitur
565 1975 617 2034 sic.
654 1976 771 2036 resinae
790 1974 1003 2059 terebintinae,
1026 1981 1112 2059 ysopi
1134 1981 1219 2039 attici

158 2077 186 2118 ao
200 2065 278 2145 suci,
306 2081 392 2124 cerae
421 2061 518 2144 albae,
546 2065 679 2124 omnium
707 2066 799 2124 trium
822 2067 926 2126 uncias
954 2074 1130 2147 quaternas,
1158 2067 1219 2146 gal·
1275 2127 1276 2130 ,

197 2152 267 2214 bani
298 2160 329 2214 et
356 2155 535 2232 opopanacis
566 2154 670 2214 uncias
701 2151 844 2234 singulaS,
876 2153 935 2216 olei
961 2157 1071 2218 veteris
1100 2162 1137 2226 Ζ
1169 2154 1219 2216 lll.

198 2241 355 2320 diligenter
384 2241 533 2303 conficies,
575 2243 601 2302 si
624 2241 702 2302 forte
733 2241 837 2304 durior
865 2243 970 2323 fuerit,
999 2246 1123 2324 cyprino
1153 2244 1219 2306 oleo

271 2447 540 2516 semprostotonos
566 2477 598 2485 -
625 2447 665 2514 (l)
691 2445 788 2502 dolore
813 2461 864 2503 om.
888 2464 910 2502 c.
1022 2449 1052 2503 in
1077 2449 1220 2505 anteriore

201 2516 271 2580 t-ri
284 2518 317 2586 9)
336 2518 418 2586 parte
436 2532 481 2587 99.
591 2522 607 2571 6
630 2518 762 2572 bononias
787 2517 832 2585 (cf.
857 2516 953 2574 Simon
976 2519 1044 2576 Jao.
1063 2535 1085 2576 s.
1104 2523 1154 2590 o.)=
1178 2526 1220 2576 be·
1273 2587 1274 2592 ἵ

200 2589 283 2642 tanos
300 2603 360 2658 pop.
444 2586 607 2658 ‘lContrigib
623 2604 649 2658 9.
731 2587 965 2658 tiperfricebione
982 2607 1014 2660 9.
1087 2609 1174 2660 quom
1194 2609 1220 2647 c:

200 2675 276 2744 quod
303 2692 334 2745 9,
363 2692 448 2746 quam
477 2676 552 2745 quod
574 2693 606 2748 p.
732 2682 748 2730 9
776 2677 865 2746 possib
892 2695 918 2734 c:
946 2680 1042 2750 potest
1067 2696 1098 2749 9,
1127 2681 1162 2750 pi
1179 2698 1220 2750 p.

202 2745 469 2818 snb(sb')siinuerinb
487 2765 529 2818 cp.
603 2753 636 2802 10
655 2747 789 2802 naulicon
802 2749 909 2804 mielon
927 2767 953 2820 9,
971 2749 1034 2806 nobi
1053 2752 1183 2807 obmelon
1197 2769 1219 2818 c,

199 2823 219 2872 fi
237 2818 348 2890 pmyolo
362 2836 386 2888 9
405 2819 464 2888 (sed
476 2835 564 2889 stupro
577 2819 691 2874 notioon
701 2823 756 2888 pf).
832 2825 863 2874 11
876 2823 1024 2890 ypocrctes
1036 2839 1073 2892 99
1095 2823 1219 2892 (iposcus
1272 2841 1273 2866 t

200 2893 235 2958 c).
271 2891 327 2946 oid.
351 2889 441 2962 Hipp.
461 2891 537 2958 ΙΙΙ,
559 2895 611 2946 741
631 2890 709 2960 Lens.
819 2891 959 2946 aforiamis
980 2909 1014 2964 9ο
1037 2893 1165 2963 (ephoris
1178 2895 1219 2964 p).

200 2961 262 3016 aii.
279 3003 285 3016 .
301 3005 307 3017 .
322 2978 383 3017 esse
399 3005 405 3017 .
421 3002 427 3014 .
444 2961 610 3018 ,inimicum
628 2962 750 3017 testatur
769 2978 791 3015 c.
896 2969 928 3018 18
948 2964 1024 3034 quod
1043 2995 1077 3005 —
1096 2965 1220 3020 amicum

200 3048 251 3086 om.
271 3049 292 3088 c.
375 3039 409 3087 16
430 3050 545 3090 causam
564 3032 623 3103 (sic)
641 3050 666 3102 9.
739 3032 923 3101 plectorioum
943 3052 1002 3105 pop.
1079 3042 1111 3091 17
1133 3036 1220 3092 abnn-

200 3101 308 3156 dabilez
328 3101 424 3158 habile
443 3120 479 3174 99
499 3105 611 3173 (Pete),
630 3101 757 3158 decebild
777 3120 799 3158 c.
883 3111 915 3160 18
935 3106 1069 3162 celestino
1088 3105 1221 3178 lisiponio
1271 3113 1272 3136 ³

130 3229 140 3240 .
199 3206 226 3259 9,
246 3206 269 3244 c.
287 3189 441 3259 hysopomo
460 3208 489 3260 c,
508 3191 668 3246 colesiicl'n
687 3186 766 3262 ορδῑο
779 3209 811 3261 9,
909 3200 943 3249 20
962 3212 1041 3252 caere
1060 3211 1091 3264 9,
1114 3211 1180 3250 cere
1198 3213 1220 3262 c,

201 3272 232 3332 &a
245 3294 276 3346 p.
374 3277 500 3332 omnium
519 3310 552 3320 -
573 3279 681 3349 (uncias
699 3297 730 3350 9,
751 3279 774 3349 ²,-
794 3284 819 3350 c)
844 3285 996 3351 quaternas
1012 3299 1058 3354 pc:
1077 3287 1122 3338 a‘n.
1149 3287 1221 3352 3(ss

197 3351 240 3419 pi)
259 3348 320 3404 IllI.
335 3365 366 3418 9.
439 3353 473 3402 21
499 3352 677 3420 opopanacis.
710 3355 745 3404 ÷
764 3355 819 3407 und
836 3354 897 3422 (cic)
917 3353 1041 3425 singulas
1058 3372 1076 3424 9
1095 3355 1133 3424 (²,-
1149 3373 1171 3410 e.
1187 3361 1219 3424 c).
1270 3365 1271 3370 ’

198 3432 223 3474 z
243 3420 304 3489 (sio)
322 3419 363 3502 lli
380 3436 411 3504 9,
432 3420 456 3490 ξ
474 3423 541 3476 tres.
560 3439 599 3506 c·
668 3428 702 3476 22
722 3423 834 3480 conficis
851 3466 856 3478 .
873 3466 879 3479 .
894 3466 901 3479 .
917 3425 1039 3480 resolves
1055 3469 1061 3481 .
1077 3468 1083 3479 .
1100 3443 1219 3483 .morcs

197 3505 256 3560 pop.
331 3507 438 3561 cxprmo
457 3509 504 3564 cp,
523 3509 638 3564 oaprmo
655 3509 680 3563 9.
