<?xml version="1.0" encoding="UTF-8"?>
<!DOCTYPE html PUBLIC "-//W3C//DTD XHTML 1.0 Transitional//EN"
    "http://www.w3.org/TR/xhtml1/DTD/xhtml1-transitional.dtd">
<html xmlns="http://www.w3.org/1999/xhtml" xml:lang="en" lang="en">
 <head>
  <title>
</title>
<meta http-equiv="Content-Type" content="text/html;charset=utf-8" />
  <meta name='ocr-system' content='tesseract 3.04.00' />
  <meta name='ocr-capabilities' content='ocr_page ocr_carea ocr_par ocr_line ocrx_word'/>
</head>
<body>
  <div class='ocr_page' id='page_1' title='image "./cassiifelicisde00feligoog_0189.png"; bbox 0 0 2588 4028; ppageno 0'>
   <div class='ocr_carea' id='block_1_1' title="bbox 545 179 784 244">
    <p class='ocr_par' dir='ltr' id='par_1_1' title="bbox 545 179 784 244">
     <span class='ocr_line' id='line_1_1' title="bbox 545 179 784 244; baseline 0 0"><span class='ocrx_word' id='word_1_1' title='bbox 545 179 784 244; x_wconf 85' lang='lat'>-168-</span> 
     </span>
    </p>
   </div>
   <div class='ocr_carea' id='block_1_2' title="bbox 152 318 1283 407">
    <p class='ocr_par' dir='ltr' id='par_1_2' title="bbox 152 318 1283 407">
     <span class='ocr_line' id='line_1_2' title="bbox 152 318 1283 407; baseline -0.008 -19"><span class='ocrx_word' id='word_1_2' title='bbox 152 325 249 407; x_wconf 87' lang='lat' dir='ltr'>ducit‚</span> <span class='ocrx_word' id='word_1_3' title='bbox 272 324 408 386; x_wconf 90' lang='lat' dir='ltr'>similiter</span> <span class='ocrx_word' id='word_1_4' title='bbox 427 330 558 386; x_wconf 87' lang='lat' dir='ltr'>comesta</span> <span class='ocrx_word' id='word_1_5' title='bbox 576 323 612 384; x_wconf 90' lang='lat' dir='ltr'>ad</span> <span class='ocrx_word' id='word_1_6' title='bbox 632 330 726 386; x_wconf 85' lang='lat' dir='ltr'>semet</span> <span class='ocrx_word' id='word_1_7' title='bbox 748 323 930 384; x_wconf 88' lang='lat' dir='ltr'>intrinsecus</span> <span class='ocrx_word' id='word_1_8' title='bbox 948 336 1097 382; x_wconf 86' lang='lat' dir='ltr'>venenum</span> <span class='ocrx_word' id='word_1_9' title='bbox 1119 318 1171 380; x_wconf 90' lang='lat' dir='ltr'>ad·</span> <span class='ocrx_word' id='word_1_10' title='bbox 1281 401 1283 406; x_wconf 23' lang='grc' dir='ltr'>Ι</span> 
     </span>
    </p>
   </div>
   <div class='ocr_carea' id='block_1_3' title="bbox 153 411 581 476">
    <p class='ocr_par' dir='ltr' id='par_1_3' title="bbox 153 411 581 476">
     <span class='ocr_line' id='line_1_3' title="bbox 153 411 581 476; baseline -0.007 0"><span class='ocrx_word' id='word_1_11' title='bbox 153 413 290 476; x_wconf 86' lang='lat' dir='ltr'>ducendo</span> <span class='ocrx_word' id='word_1_12' title='bbox 313 411 464 474; x_wconf 90' lang='lat' dir='ltr'>hominem</span> <span class='ocrx_word' id='word_1_13' title='bbox 486 420 581 474; x_wconf 85' lang='lat' dir='ltr'>necat.</span> 
     </span>
    </p>
   </div>
   <div class='ocr_carea' id='block_1_4' title="bbox 365 569 959 650">
    <p class='ocr_par' dir='ltr' id='par_1_4' title="bbox 365 569 959 650">
     <span class='ocr_line' id='line_1_4' title="bbox 365 569 959 650; baseline -0.005 -17"><span class='ocrx_word' id='word_1_14' title='bbox 365 571 502 632; x_wconf 85' lang='lat' dir='ltr'>LXVllll.</span> <span class='ocrx_word' id='word_1_15' title='bbox 539 569 587 630; x_wconf 89' lang='lat' dir='ltr'>lld</span> <span class='ocrx_word' id='word_1_16' title='bbox 611 571 817 650; x_wconf 83' lang='lat' dir='ltr'>scorpionis</span> <span class='ocrx_word' id='word_1_17' title='bbox 840 571 959 630; x_wconf 89' lang='lat' dir='ltr'>ictum.</span> 
     </span>
    </p>
   </div>
   <div class='ocr_carea' id='block_1_5' title="bbox 127 689 1173 1216">
    <p class='ocr_par' dir='ltr' id='par_1_5' title="bbox 127 689 1173 1216">
     <span class='ocr_line' id='line_1_5' title="bbox 246 689 1171 774; baseline -0.006 -16"><span class='ocrx_word' id='word_1_18' title='bbox 246 695 367 758; x_wconf 90' lang='lat' dir='ltr'>Scribes</span> <span class='ocrx_word' id='word_1_19' title='bbox 389 698 421 758; x_wconf 90' lang='lat' dir='ltr'>in</span> <span class='ocrx_word' id='word_1_20' title='bbox 440 695 542 757; x_wconf 88' lang='lat' dir='ltr'>charta</span> <span class='ocrx_word' id='word_1_21' title='bbox 559 694 628 756; x_wconf 89' lang='lat' dir='ltr'>rudi</span> <span class='ocrx_word' id='word_1_22' title='bbox 650 694 707 756; x_wconf 92' lang='lat' dir='ltr'>hoc</span> <span class='ocrx_word' id='word_1_23' title='bbox 726 711 836 756; x_wconf 92' lang='lat' dir='ltr'>nomen</span> <span class='ocrx_word' id='word_1_24' title='bbox 853 689 1015 774; x_wconf 78' lang='lat' dir='ltr'>a&lt;cli&gt;lc</span> <span class='ocrx_word' id='word_1_25' title='bbox 1036 699 1068 753; x_wconf 90' lang='lat' dir='ltr'>et</span> <span class='ocrx_word' id='word_1_26' title='bbox 1089 700 1171 770; x_wconf 85' lang='lat' dir='ltr'>post-</span> 
     </span>
     <span class='ocr_line' id='line_1_6' title="bbox 127 783 1173 866; baseline -0.006 -18"><span class='ocrx_word' id='word_1_27' title='bbox 127 799 245 866; x_wconf 76' lang='lat' dir='ltr'>⁵quam</span> <span class='ocrx_word' id='word_1_28' title='bbox 260 786 417 864; x_wconf 80' lang='lat' dir='ltr'>scripseris</span> <span class='ocrx_word' id='word_1_29' title='bbox 434 783 566 864; x_wconf 82' lang='lat' dir='ltr'>plicabis.</span> <span class='ocrx_word' id='word_1_30' title='bbox 598 801 694 862; x_wconf 90' lang='lat' dir='ltr'>pones</span> <span class='ocrx_word' id='word_1_31' title='bbox 706 785 739 844; x_wconf 91' lang='lat' dir='ltr'>in</span> <span class='ocrx_word' id='word_1_32' title='bbox 757 785 822 863; x_wconf 86' lang='lat' dir='ltr'>ipso</span> <span class='ocrx_word' id='word_1_33' title='bbox 841 789 954 861; x_wconf 87' lang='lat' dir='ltr'>puncto</span> <span class='ocrx_word' id='word_1_34' title='bbox 970 797 1173 860; x_wconf 77' lang='lat' dir='ltr'>percussurae</span> 
     </span>
     <span class='ocr_line' id='line_1_7' title="bbox 156 868 1172 952; baseline -0.005 -17"><span class='ocrx_word' id='word_1_35' title='bbox 156 874 289 936; x_wconf 86' lang='lat' dir='ltr'>chartam</span> <span class='ocrx_word' id='word_1_36' title='bbox 312 873 512 952; x_wconf 81' lang='lat' dir='ltr'>conscriptam</span> <span class='ocrx_word' id='word_1_37' title='bbox 536 879 566 934; x_wconf 90' lang='lat' dir='ltr'>et</span> <span class='ocrx_word' id='word_1_38' title='bbox 587 871 689 932; x_wconf 85' lang='lat' dir='ltr'>trahes</span> <span class='ocrx_word' id='word_1_39' title='bbox 711 871 791 932; x_wconf 88' lang='lat' dir='ltr'>illam</span> <span class='ocrx_word' id='word_1_40' title='bbox 817 889 913 950; x_wconf 82' lang='lat' dir='ltr'>usque</span> <span class='ocrx_word' id='word_1_41' title='bbox 936 869 972 930; x_wconf 86' lang='lat' dir='ltr'>ad</span> <span class='ocrx_word' id='word_1_42' title='bbox 995 869 1095 934; x_wconf 89' lang='lat' dir='ltr'>locum</span> <span class='ocrx_word' id='word_1_43' title='bbox 1119 868 1172 930; x_wconf 86' lang='lat' dir='ltr'>ubi</span> 
     </span>
     <span class='ocr_line' id='line_1_8' title="bbox 155 956 1172 1041; baseline -0.006 -17"><span class='ocrx_word' id='word_1_44' title='bbox 155 962 345 1024; x_wconf 84' lang='lat' dir='ltr'>descenderit</span> <span class='ocrx_word' id='word_1_45' title='bbox 368 959 465 1041; x_wconf 91' lang='lat' dir='ltr'>dolor,</span> <span class='ocrx_word' id='word_1_46' title='bbox 488 968 519 1021; x_wconf 90' lang='lat' dir='ltr'>et</span> <span class='ocrx_word' id='word_1_47' title='bbox 537 960 694 1020; x_wconf 76' lang='lat' dir='ltr'>confestim</span> <span class='ocrx_word' id='word_1_48' title='bbox 712 961 777 1022; x_wconf 89' lang='lat' dir='ltr'>sine</span> <span class='ocrx_word' id='word_1_49' title='bbox 800 959 903 1022; x_wconf 87' lang='lat' dir='ltr'>dolore</span> <span class='ocrx_word' id='word_1_50' title='bbox 921 958 1077 1020; x_wconf 86' lang='lat' dir='ltr'>efficietur.</span> <span class='ocrx_word' id='word_1_51' title='bbox 1113 956 1172 1018; x_wconf 89' lang='lat' dir='ltr'>hoc</span> 
     </span>
     <span class='ocr_line' id='line_1_9' title="bbox 156 1044 1171 1130; baseline -0.007 -18"><span class='ocrx_word' id='word_1_52' title='bbox 156 1052 284 1130; x_wconf 79' lang='lat' dir='ltr'>lysicum</span> <span class='ocrx_word' id='word_1_53' title='bbox 312 1049 349 1108; x_wconf 89' lang='lat' dir='ltr'>de</span> <span class='ocrx_word' id='word_1_54' title='bbox 375 1050 433 1110; x_wconf 85' lang='lat' dir='ltr'>viri</span> <span class='ocrx_word' id='word_1_55' title='bbox 460 1047 585 1110; x_wconf 85' lang='lat' dir='ltr'>illustris</span> <span class='ocrx_word' id='word_1_56' title='bbox 612 1044 812 1129; x_wconf 85' lang='lat' dir='ltr'>&lt;vindiciani&gt;</span> <span class='ocrx_word' id='word_1_57' title='bbox 840 1056 895 1110; x_wconf 82' lang='lat' dir='ltr'>est.</span> <span class='ocrx_word' id='word_1_58' title='bbox 936 1049 1027 1110; x_wconf 86' lang='lat' dir='ltr'>ctiam</span> <span class='ocrx_word' id='word_1_59' title='bbox 1048 1053 1080 1107; x_wconf 89' lang='lat' dir='ltr'>et</span> <span class='ocrx_word' id='word_1_60' title='bbox 1105 1044 1171 1106; x_wconf 90' lang='lat' dir='ltr'>the·</span> 
     </span>
     <span class='ocr_line' id='line_1_10' title="bbox 155 1135 892 1216; baseline -0.003 -18"><span class='ocrx_word' id='word_1_61' title='bbox 155 1140 275 1200; x_wconf 88' lang='lat' dir='ltr'>riacam.</span> <span class='ocrx_word' id='word_1_62' title='bbox 312 1136 497 1198; x_wconf 86' lang='lat' dir='ltr'>diatessaron</span> <span class='ocrx_word' id='word_1_63' title='bbox 519 1138 552 1196; x_wconf 92' lang='lat' dir='ltr'>in</span> <span class='ocrx_word' id='word_1_64' title='bbox 573 1138 694 1216; x_wconf 84' lang='lat' dir='ltr'>potione</span> <span class='ocrx_word' id='word_1_65' title='bbox 717 1138 779 1198; x_wconf 88' lang='lat' dir='ltr'>viui</span> <span class='ocrx_word' id='word_1_66' title='bbox 800 1135 892 1198; x_wconf 85' lang='lat' dir='ltr'>dabis.</span> 
     </span>
    </p>
   </div>
   <div class='ocr_carea' id='block_1_6' title="bbox 115 1311 960 1393">
    <p class='ocr_par' dir='ltr' id='par_1_6' title="bbox 115 1311 960 1393">
     <span class='ocr_line' id='line_1_11' title="bbox 115 1311 960 1393; baseline 0.007 -25"><span class='ocrx_word' id='word_1_67' title='bbox 115 1331 142 1369; x_wconf 81' lang='lat' dir='ltr'>ro</span> <span class='ocrx_word' id='word_1_68' title='bbox 365 1311 452 1373; x_wconf 82' lang='lat' dir='ltr'><strong>Lxx.</strong></span> <span class='ocrx_word' id='word_1_69' title='bbox 488 1311 538 1373; x_wconf 79' lang='lat' dir='ltr'>to</span> <span class='ocrx_word' id='word_1_70' title='bbox 561 1311 737 1392; x_wconf 80' lang='lat' dir='ltr'>fugandos</span> <span class='ocrx_word' id='word_1_71' title='bbox 760 1320 960 1393; x_wconf 86' lang='lat' dir='ltr'>serpentes.</span> 
     </span>
    </p>
   </div>
   <div class='ocr_carea' id='block_1_7' title="bbox 124 1429 1175 1604">
    <p class='ocr_par' dir='ltr' id='par_1_7' title="bbox 124 1429 1175 1604">
     <span class='ocr_line' id='line_1_12' title="bbox 124 1429 1175 1516; baseline -0.001 -19"><span class='ocrx_word' id='word_1_72' title='bbox 124 1479 127 1485; x_wconf 82' lang='lat'>·</span> <span class='ocrx_word' id='word_1_73' title='bbox 246 1435 373 1516; x_wconf 82' lang='lat' dir='ltr'>Capillos</span> <span class='ocrx_word' id='word_1_74' title='bbox 402 1435 439 1496; x_wconf 88' lang='lat' dir='ltr'>de</span> <span class='ocrx_word' id='word_1_75' title='bbox 467 1453 555 1515; x_wconf 91' lang='lat' dir='ltr'>capra</span> <span class='ocrx_word' id='word_1_76' title='bbox 583 1443 634 1496; x_wconf 90' lang='lat' dir='ltr'>aut</span> <span class='ocrx_word' id='word_1_77' title='bbox 661 1434 796 1497; x_wconf 88' lang='lat' dir='ltr'>mulieris</span> <span class='ocrx_word' id='word_1_78' title='bbox 819 1444 870 1497; x_wconf 91' lang='lat' dir='ltr'>aut</span> <span class='ocrx_word' id='word_1_79' title='bbox 900 1429 1053 1496; x_wconf 87' lang='lat' dir='ltr'>c&#39;ervinum</span> <span class='ocrx_word' id='word_1_80' title='bbox 1077 1451 1175 1496; x_wconf 88' lang='lat' dir='ltr'>cornu</span> 
     </span>
     <span class='ocr_line' id='line_1_13' title="bbox 155 1525 799 1604; baseline -0.002 -18"><span class='ocrx_word' id='word_1_81' title='bbox 155 1533 209 1586; x_wconf 84' lang='lat' dir='ltr'>aut</span> <span class='ocrx_word' id='word_1_82' title='bbox 231 1525 272 1586; x_wconf 85' lang='lat' dir='ltr'>iel</span> <span class='ocrx_word' id='word_1_83' title='bbox 293 1525 470 1603; x_wconf 75' lang='lat' dir='ltr'>fumigatam</span> <span class='ocrx_word' id='word_1_84' title='bbox 493 1532 649 1604; x_wconf 88' lang='lat' dir='ltr'>serpentes</span> <span class='ocrx_word' id='word_1_85' title='bbox 672 1525 799 1604; x_wconf 82' lang='lat' dir='ltr'>lugiunt.</span> 
     </span>
    </p>
   </div>
   <div class='ocr_carea' id='block_1_8' title="bbox 246 1611 1287 1692">
    <p class='ocr_par' dir='ltr' id='par_1_8' title="bbox 246 1611 1287 1692">
     <span class='ocr_line' id='line_1_14' title="bbox 246 1611 1287 1692; baseline -0.001 -18"><span class='ocrx_word' id='word_1_86' title='bbox 246 1613 333 1674; x_wconf 89' lang='lat' dir='ltr'>aliud.</span> <span class='ocrx_word' id='word_1_87' title='bbox 377 1615 496 1674; x_wconf 76' lang='lat' dir='ltr'>cervina</span> <span class='ocrx_word' id='word_1_88' title='bbox 518 1612 604 1692; x_wconf 92' lang='lat' dir='ltr'>pellis</span> <span class='ocrx_word' id='word_1_89' title='bbox 627 1611 778 1674; x_wconf 85' lang='lat' dir='ltr'>substrata</span> <span class='ocrx_word' id='word_1_90' title='bbox 802 1614 873 1674; x_wconf 88' lang='lat' dir='ltr'>lacit</span> <span class='ocrx_word' id='word_1_91' title='bbox 896 1631 956 1674; x_wconf 92' lang='lat' dir='ltr'>non</span> <span class='ocrx_word' id='word_1_92' title='bbox 978 1615 1086 1674; x_wconf 83' lang='lat' dir='ltr'>timere</span> <span class='ocrx_word' id='word_1_93' title='bbox 1111 1629 1175 1673; x_wconf 89' lang='lat' dir='ltr'>ser·</span> <span class='ocrx_word' id='word_1_94' title='bbox 1286 1611 1287 1626; x_wconf 62' lang='lat'>¹</span> 
     </span>
    </p>
   </div>
   <div class='ocr_carea' id='block_1_9' title="bbox 115 1711 883 1904">
    <p class='ocr_par' dir='ltr' id='par_1_9' title="bbox 115 1711 883 1904">
     <span class='ocr_line' id='line_1_15' title="bbox 155 1711 270 1783; baseline 0 -19"><span class='ocrx_word' id='word_1_95' title='bbox 155 1711 270 1783; x_wconf 87' lang='lat' dir='ltr'>pentes.</span> 
     </span>
     <span class='ocr_line' id='line_1_16' title="bbox 115 1823 883 1904; baseline 0.008 -24"><span class='ocrx_word' id='word_1_96' title='bbox 115 1840 142 1880; x_wconf 65' lang='grc' dir='ltr'>ιε</span> <span class='ocrx_word' id='word_1_97' title='bbox 450 1823 551 1886; x_wconf 87' lang='lat' dir='ltr'>LXXI.</span> <span class='ocrx_word' id='word_1_98' title='bbox 588 1823 636 1884; x_wconf 80' lang='lat' dir='ltr'>Ad</span> <span class='ocrx_word' id='word_1_99' title='bbox 661 1823 883 1904; x_wconf 80' lang='lat' dir='ltr'>epilepsiam</span> 
     </span>
    </p>
   </div>
   <div class='ocr_carea' id='block_1_10' title="bbox 116 1946 1176 2383">
    <p class='ocr_par' dir='ltr' id='par_1_10' title="bbox 156 1946 1176 2292">
     <span class='ocr_line' id='line_1_17' title="bbox 244 1946 1176 2030; baseline 0.004 -24"><span class='ocrx_word' id='word_1_100' title='bbox 244 1947 301 2008; x_wconf 86' lang='lat' dir='ltr'>Est</span> <span class='ocrx_word' id='word_1_101' title='bbox 319 1955 419 2007; x_wconf 87' lang='lat' dir='ltr'>autem</span> <span class='ocrx_word' id='word_1_102' title='bbox 438 1947 579 2025; x_wconf 89' lang='lat' dir='ltr'>epilepsia</span> <span class='ocrx_word' id='word_1_103' title='bbox 602 1946 720 2008; x_wconf 82' lang='lat' dir='ltr'>subitus</span> <span class='ocrx_word' id='word_1_104' title='bbox 743 1951 878 2028; x_wconf 87' lang='lat' dir='ltr'>corporis</span> <span class='ocrx_word' id='word_1_105' title='bbox 901 1965 989 2010; x_wconf 88' lang='lat' dir='ltr'>casus</span> <span class='ocrx_word' id='word_1_106' title='bbox 1012 1965 1082 2010; x_wconf 89' lang='lat' dir='ltr'>cum</span> <span class='ocrx_word' id='word_1_107' title='bbox 1105 1967 1176 2030; x_wconf 92' lang='lat' dir='ltr'>spu·</span> 
     </span>
     <span class='ocr_line' id='line_1_18' title="bbox 156 2034 1176 2114; baseline 0.003 -18"><span class='ocrx_word' id='word_1_108' title='bbox 156 2037 286 2096; x_wconf 77' lang='lat' dir='ltr'>motione</span> <span class='ocrx_word' id='word_1_109' title='bbox 310 2042 341 2096; x_wconf 90' lang='lat' dir='ltr'>et</span> <span class='ocrx_word' id='word_1_110' title='bbox 362 2043 451 2114; x_wconf 85' lang='lat' dir='ltr'>raptu</span> <span class='ocrx_word' id='word_1_111' title='bbox 474 2034 677 2096; x_wconf 85' lang='lat' dir='ltr'>membrorum</span> <span class='ocrx_word' id='word_1_112' title='bbox 700 2036 834 2098; x_wconf 77' lang='lat' dir='ltr'>effectus.</span> <span class='ocrx_word' id='word_1_113' title='bbox 871 2044 902 2097; x_wconf 88' lang='lat' dir='ltr'>ot</span> <span class='ocrx_word' id='word_1_114' title='bbox 923 2044 993 2098; x_wconf 89' lang='lat' dir='ltr'>sunt</span> <span class='ocrx_word' id='word_1_115' title='bbox 1016 2037 1176 2099; x_wconf 85' lang='lat' dir='ltr'>distantiae</span> 
     </span>
     <span class='ocr_line' id='line_1_19' title="bbox 157 2122 1176 2205; baseline 0 -19"><span class='ocrx_word' id='word_1_116' title='bbox 157 2126 305 2204; x_wconf 91' lang='lat' dir='ltr'>passionis</span> <span class='ocrx_word' id='word_1_117' title='bbox 333 2122 418 2184; x_wconf 90' lang='lat' dir='ltr'>duae.</span> <span class='ocrx_word' id='word_1_118' title='bbox 459 2123 617 2202; x_wconf 88' lang='lat' dir='ltr'>aliquando</span> <span class='ocrx_word' id='word_1_119' title='bbox 640 2125 720 2184; x_wconf 90' lang='lat' dir='ltr'>enim</span> <span class='ocrx_word' id='word_1_120' title='bbox 743 2123 799 2186; x_wconf 87' lang='lat' dir='ltr'>suh</span> <span class='ocrx_word' id='word_1_121' title='bbox 827 2125 945 2186; x_wconf 87' lang='lat' dir='ltr'>diverso</span> <span class='ocrx_word' id='word_1_122' title='bbox 970 2134 1059 2205; x_wconf 86' lang='lat' dir='ltr'>raptu</span> <span class='ocrx_word' id='word_1_123' title='bbox 1082 2143 1176 2188; x_wconf 85' lang='lat' dir='ltr'>mom·</span> 
     </span>
     <span class='ocr_line' id='line_1_20' title="bbox 158 2211 1176 2292; baseline 0.002 -18"><span class='ocrx_word' id='word_1_124' title='bbox 158 2212 284 2274; x_wconf 86' lang='lat' dir='ltr'>brorum</span> <span class='ocrx_word' id='word_1_125' title='bbox 311 2211 454 2292; x_wconf 84' lang='lat' dir='ltr'>efficitur,</span> <span class='ocrx_word' id='word_1_126' title='bbox 480 2211 637 2291; x_wconf 86' lang='lat' dir='ltr'>aliquando</span> <span class='ocrx_word' id='word_1_127' title='bbox 666 2231 735 2274; x_wconf 91' lang='lat' dir='ltr'>cum</span> <span class='ocrx_word' id='word_1_128' title='bbox 758 2229 871 2274; x_wconf 91' lang='lat' dir='ltr'>somno.</span> <span class='ocrx_word' id='word_1_129' title='bbox 915 2216 1052 2292; x_wconf 86' lang='lat' dir='ltr'>sequitur</span> <span class='ocrx_word' id='word_1_130' title='bbox 1074 2223 1176 2276; x_wconf 86' lang='lat' dir='ltr'>autem</span> 
     </span>
    </p>

    <p class='ocr_par' dir='ltr' id='par_1_11' title="bbox 116 2300 1175 2383">
     <span class='ocr_line' id='line_1_21' title="bbox 116 2300 1175 2383; baseline 0.006 -25"><span class='ocrx_word' id='word_1_131' title='bbox 116 2317 146 2358; x_wconf 80' lang='lat' dir='ltr'>ao</span> <span class='ocrx_word' id='word_1_132' title='bbox 159 2305 320 2383; x_wconf 85' lang='lat' dir='ltr'>patientes,</span> <span class='ocrx_word' id='word_1_133' title='bbox 351 2307 386 2360; x_wconf 90' lang='lat' dir='ltr'>ut</span> <span class='ocrx_word' id='word_1_134' title='bbox 417 2300 490 2381; x_wconf 86' lang='lat' dir='ltr'>dixi,</span> <span class='ocrx_word' id='word_1_135' title='bbox 525 2300 642 2362; x_wconf 86' lang='lat' dir='ltr'>subitus</span> <span class='ocrx_word' id='word_1_136' title='bbox 674 2319 775 2383; x_wconf 88' lang='lat' dir='ltr'>casus,</span> <span class='ocrx_word' id='word_1_137' title='bbox 811 2301 969 2380; x_wconf 88' lang='lat' dir='ltr'>aliquando</span> <span class='ocrx_word' id='word_1_138' title='bbox 1001 2321 1070 2364; x_wconf 92' lang='lat' dir='ltr'>cum</span> <span class='ocrx_word' id='word_1_139' title='bbox 1103 2321 1175 2364; x_wconf 87' lang='lat' dir='ltr'>oon-</span> 
     </span>
    </p>
   </div>
   <div class='ocr_carea' id='block_1_11' title="bbox 159 2387 1285 2474">
    <p class='ocr_par' dir='ltr' id='par_1_12' title="bbox 159 2387 1285 2474">
     <span class='ocr_line' id='line_1_22' title="bbox 159 2387 1285 2474; baseline 0.002 -23"><span class='ocrx_word' id='word_1_140' title='bbox 159 2393 306 2451; x_wconf 85' lang='lat' dir='ltr'>traotionc</span> <span class='ocrx_word' id='word_1_141' title='bbox 325 2389 461 2466; x_wconf 90' lang='lat' dir='ltr'>corporis</span> <span class='ocrx_word' id='word_1_142' title='bbox 479 2387 691 2470; x_wconf 86' lang='lat' dir='ltr'>membrorum,</span> <span class='ocrx_word' id='word_1_143' title='bbox 709 2389 866 2469; x_wconf 85' lang='lat' dir='ltr'>aliquando</span> <span class='ocrx_word' id='word_1_144' title='bbox 882 2407 952 2450; x_wconf 90' lang='lat' dir='ltr'>eum</span> <span class='ocrx_word' id='word_1_145' title='bbox 970 2393 1178 2474; x_wconf 86' lang='lat' dir='ltr'>oppressione,</span> <span class='ocrx_word' id='word_1_146' title='bbox 1284 2431 1285 2438; x_wconf 41' lang='lat'>1</span> 
     </span>
    </p>
   </div>
   <div class='ocr_carea' id='block_1_12' title="bbox 152 2562 1285 2736">
    <p class='ocr_par' dir='ltr' id='par_1_13' title="bbox 152 2562 1285 2736">
     <span class='ocr_line' id='line_1_23' title="bbox 229 2562 1285 2664; baseline 0 -15"><span class='ocrx_word' id='word_1_147' title='bbox 229 2592 357 2649; x_wconf 63' lang='lat' dir='ltr'>enas.</span> <span class='ocrx_word' id='word_1_148' title='bbox 383 2590 1178 2664; x_wconf 67' lang='lat' dir='ltr'>rre.0(=oa.p)2n1p01imantumo0numn</span> <span class='ocrx_word' id='word_1_149' title='bbox 1273 2562 1285 2636; x_wconf 63' lang='grc' dir='ltr'>ἰ</span> 
     </span>
     <span class='ocr_line' id='line_1_24' title="bbox 152 2661 1285 2736; baseline 0.003 -16"><span class='ocrx_word' id='word_1_150' title='bbox 152 2681 208 2735; x_wconf 78' lang='lat' dir='ltr'>pro</span> <span class='ocrx_word' id='word_1_151' title='bbox 231 2665 307 2720; x_wconf 76' lang='lat' dir='ltr'>rubr.</span> <span class='ocrx_word' id='word_1_152' title='bbox 326 2679 357 2734; x_wconf 80' lang='lat' dir='ltr'>p.</span> <span class='ocrx_word' id='word_1_153' title='bbox 466 2661 617 2719; x_wconf 73' lang='lat' dir='ltr'>tsoribes</span> <span class='ocrx_word' id='word_1_154' title='bbox 639 2680 666 2734; x_wconf 88' lang='lat' dir='ltr'>c,</span> <span class='ocrx_word' id='word_1_155' title='bbox 690 2665 774 2720; x_wconf 80' lang='lat' dir='ltr'>—bes</span> <span class='ocrx_word' id='word_1_156' title='bbox 793 2682 824 2734; x_wconf 81' lang='lat' dir='ltr'>p.</span> <span class='ocrx_word' id='word_1_157' title='bbox 931 2666 996 2720; x_wconf 87' lang='lat' dir='ltr'>rudi</span> <span class='ocrx_word' id='word_1_158' title='bbox 1015 2683 1051 2736; x_wconf 79' lang='lat' dir='ltr'>p:</span> <span class='ocrx_word' id='word_1_159' title='bbox 1076 2683 1127 2722; x_wconf 85' lang='lat' dir='ltr'>om.</span> <span class='ocrx_word' id='word_1_160' title='bbox 1153 2684 1179 2724; x_wconf 87' lang='lat' dir='ltr'>o.</span> <span class='ocrx_word' id='word_1_161' title='bbox 1281 2666 1285 2704; x_wconf 65' lang='lat' dir='ltr'>l</span> 
     </span>
    </p>
   </div>
   <div class='ocr_carea' id='block_1_13' title="bbox 156 2733 1287 2830">
    <p class='ocr_par' dir='ltr' id='par_1_14' title="bbox 156 2733 1287 2830">
     <span class='ocr_line' id='line_1_25' title="bbox 156 2733 1287 2830; baseline 0.002 -22"><span class='ocrx_word' id='word_1_162' title='bbox 156 2753 289 2820; x_wconf 72' lang='lat' dir='ltr'>Altoroe,</span> <span class='ocrx_word' id='word_1_163' title='bbox 307 2753 330 2806; x_wconf 93' lang='grc' dir='ltr'>Λ</span> <span class='ocrx_word' id='word_1_164' title='bbox 345 2749 364 2820; x_wconf 66' lang='grc' dir='ltr'>ἢ</span> <span class='ocrx_word' id='word_1_165' title='bbox 380 2733 466 2830; x_wconf 63' lang='lat' dir='ltr'>pop.</span> <span class='ocrx_word' id='word_1_166' title='bbox 539 2751 658 2822; x_wconf 77' lang='lat' dir='ltr'>opliees</span> <span class='ocrx_word' id='word_1_167' title='bbox 670 2769 759 2822; x_wconf 84' lang='lat' dir='ltr'>pones</span> <span class='ocrx_word' id='word_1_168' title='bbox 772 2769 813 2823; x_wconf 79' lang='lat' dir='ltr'>cp.</span> <span class='ocrx_word' id='word_1_169' title='bbox 885 2755 990 2823; x_wconf 89' lang='lat' dir='ltr'>puncto</span> <span class='ocrx_word' id='word_1_170' title='bbox 999 2771 1038 2824; x_wconf 79' lang='lat' dir='ltr'>p:</span> <span class='ocrx_word' id='word_1_171' title='bbox 1053 2755 1178 2824; x_wconf 85' lang='lat' dir='ltr'>puteoc.</span> <span class='ocrx_word' id='word_1_172' title='bbox 1286 2759 1287 2766; x_wconf 77' lang='grc'>’</span> 
     </span>
    </p>
   </div>
   <div class='ocr_carea' id='block_1_14' title="bbox 159 2823 1180 2997">
    <p class='ocr_par' dir='ltr' id='par_1_15' title="bbox 159 2823 1180 2997">
     <span class='ocr_line' id='line_1_26' title="bbox 160 2823 1178 2894; baseline 0.001 -15"><span class='ocrx_word' id='word_1_173' title='bbox 160 2825 275 2879; x_wconf 63' lang='lat' dir='ltr'>oraru</span> <span class='ocrx_word' id='word_1_174' title='bbox 288 2823 447 2892; x_wconf 70' lang='lat' dir='ltr'>conscripta</span> <span class='ocrx_word' id='word_1_175' title='bbox 459 2839 500 2892; x_wconf 79' lang='lat' dir='ltr'>cp.</span> <span class='ocrx_word' id='word_1_176' title='bbox 572 2823 662 2878; x_wconf 77' lang='lat' dir='ltr'>truhis</span> <span class='ocrx_word' id='word_1_177' title='bbox 681 2823 782 2893; x_wconf 76' lang='lat' dir='ltr'>(trebio</span> <span class='ocrx_word' id='word_1_178' title='bbox 796 2828 820 2894; x_wconf 88' lang='lat' dir='ltr'>c)</span> <span class='ocrx_word' id='word_1_179' title='bbox 834 2825 942 2893; x_wconf 79' lang='lat' dir='ltr'>illscp.</span> <span class='ocrx_word' id='word_1_180' title='bbox 1016 2827 1178 2880; x_wconf 66' lang='lat' dir='ltr'>tetomc.</span> 
     </span>
     <span class='ocr_line' id='line_1_27' title="bbox 159 2891 1180 2997; baseline 0.002 -48"><span class='ocrx_word' id='word_1_181' title='bbox 159 2894 282 2950; x_wconf 83' lang='lat' dir='ltr'>efficitur</span> <span class='ocrx_word' id='word_1_182' title='bbox 303 2909 368 2997; x_wconf 70' lang='lat' dir='ltr'>cp.⁶</span> <span class='ocrx_word' id='word_1_183' title='bbox 452 2893 543 2948; x_wconf 76' lang='lat' dir='ltr'>eden</span> <span class='ocrx_word' id='word_1_184' title='bbox 565 2891 684 2948; x_wconf 85' lang='lat' dir='ltr'>illustris</span> <span class='ocrx_word' id='word_1_185' title='bbox 707 2901 781 2949; x_wconf 75' lang='lat' dir='ltr'>cane</span> <span class='ocrx_word' id='word_1_186' title='bbox 805 2897 835 2950; x_wconf 77' lang='lat' dir='ltr'>et</span> <span class='ocrx_word' id='word_1_187' title='bbox 857 2911 872 2958; x_wconf 72' lang='lat' dir='ltr'>z</span> <span class='ocrx_word' id='word_1_188' title='bbox 896 2895 1045 2965; x_wconf 70' lang='lat' dir='ltr'>tirincto,</span> <span class='ocrx_word' id='word_1_189' title='bbox 1069 2896 1180 2951; x_wconf 84' lang='lat' dir='ltr'>deciri</span> 
     </span>
    </p>
   </div>
   <div class='ocr_carea' id='block_1_15' title="bbox 157 2997 1180 3142">
    <p class='ocr_par' dir='ltr' id='par_1_16' title="bbox 157 2997 1180 3142">
     <span class='ocr_line' id='line_1_28' title="bbox 157 2997 1180 3070; baseline 0.003 -16"><span class='ocrx_word' id='word_1_190' title='bbox 157 3000 276 3055; x_wconf 84' lang='lat' dir='ltr'>illustris</span> <span class='ocrx_word' id='word_1_191' title='bbox 294 2998 356 3054; x_wconf 80' lang='lat' dir='ltr'>deri</span> <span class='ocrx_word' id='word_1_192' title='bbox 382 2999 470 3054; x_wconf 77' lang='lat' dir='ltr'>etiam</span> <span class='ocrx_word' id='word_1_193' title='bbox 484 2997 631 3054; x_wconf 75' lang='lat' dir='ltr'>atteniaco</span> <span class='ocrx_word' id='word_1_194' title='bbox 639 3016 671 3069; x_wconf 81' lang='lat' dir='ltr'>p.</span> <span class='ocrx_word' id='word_1_195' title='bbox 744 3001 913 3068; x_wconf 72' lang='lat' dir='ltr'>edistess(e</span> <span class='ocrx_word' id='word_1_196' title='bbox 922 3004 1010 3070; x_wconf 79' lang='lat' dir='ltr'>p)ron</span> <span class='ocrx_word' id='word_1_197' title='bbox 1026 3017 1068 3070; x_wconf 77' lang='lat' dir='ltr'>cp.</span> <span class='ocrx_word' id='word_1_198' title='bbox 1145 3008 1180 3057; x_wconf 80' lang='lat'>10</span> 
     </span>
     <span class='ocr_line' id='line_1_29' title="bbox 157 3050 1179 3142; baseline 0.004 -19"><span class='ocrx_word' id='word_1_199' title='bbox 157 3069 201 3124; x_wconf 88' lang='lat' dir='ltr'>De</span> <span class='ocrx_word' id='word_1_200' title='bbox 222 3069 329 3140; x_wconf 75' lang='lat' dir='ltr'>cepigo.</span> <span class='ocrx_word' id='word_1_201' title='bbox 357 3050 477 3134; x_wconf 65' lang='lat' dir='ltr'>llrubr.</span> <span class='ocrx_word' id='word_1_202' title='bbox 492 3087 523 3140; x_wconf 81' lang='lat' dir='ltr'>p.</span> <span class='ocrx_word' id='word_1_203' title='bbox 597 3076 629 3124; x_wconf 88' lang='lat'>11</span> <span class='ocrx_word' id='word_1_204' title='bbox 649 3069 785 3138; x_wconf 79' lang='lat' dir='ltr'>Capillos:</span> <span class='ocrx_word' id='word_1_205' title='bbox 811 3070 986 3142; x_wconf 79' lang='lat' dir='ltr'>capillorum</span> <span class='ocrx_word' id='word_1_206' title='bbox 1004 3088 1032 3141; x_wconf 86' lang='lat' dir='ltr'>c,</span> <span class='ocrx_word' id='word_1_207' title='bbox 1054 3071 1179 3142; x_wconf 79' lang='lat' dir='ltr'>Cepigos</span> 
     </span>
    </p>
   </div>
   <div class='ocr_carea' id='block_1_16' title="bbox 158 3139 1287 3213">
    <p class='ocr_par' dir='ltr' id='par_1_17' title="bbox 158 3139 1287 3213">
     <span class='ocr_line' id='line_1_30' title="bbox 158 3139 1287 3213; baseline -0.002 -19"><span class='ocrx_word' id='word_1_208' title='bbox 158 3141 222 3208; x_wconf 79' lang='lat' dir='ltr'>(sic)</span> <span class='ocrx_word' id='word_1_209' title='bbox 235 3157 259 3208; x_wconf 77' lang='lat' dir='ltr'>p</span> <span class='ocrx_word' id='word_1_210' title='bbox 276 3139 323 3205; x_wconf 78' lang='lat' dir='ltr'>(cf.</span> <span class='ocrx_word' id='word_1_211' title='bbox 344 3139 422 3195; x_wconf 78' lang='lat' dir='ltr'>Plio.</span> <span class='ocrx_word' id='word_1_212' title='bbox 441 3145 495 3206; x_wconf 76' lang='lat'>28,</span> <span class='ocrx_word' id='word_1_213' title='bbox 515 3145 570 3209; x_wconf 84' lang='lat'><em>70).</em></span> <span class='ocrx_word' id='word_1_214' title='bbox 644 3146 677 3194; x_wconf 80' lang='lat'>12</span> <span class='ocrx_word' id='word_1_215' title='bbox 744 3141 849 3210; x_wconf 79' lang='lat' dir='ltr'>&#39;nntpr</span> <span class='ocrx_word' id='word_1_216' title='bbox 868 3141 951 3213; x_wconf 77' lang='lat' dir='ltr'>fugat</span> <span class='ocrx_word' id='word_1_217' title='bbox 969 3159 991 3200; x_wconf 90' lang='lat' dir='ltr'>c.</span> <span class='ocrx_word' id='word_1_218' title='bbox 1065 3143 1180 3198; x_wconf 67' lang='grc'>131111)-</span> <span class='ocrx_word' id='word_1_219' title='bbox 1286 3179 1287 3192; x_wconf 42' lang='lat' dir='ltr'>r</span> 
     </span>
    </p>
   </div>
   <div class='ocr_carea' id='block_1_17' title="bbox 157 3209 1180 3495">
    <p class='ocr_par' dir='ltr' id='par_1_18' title="bbox 157 3209 1180 3495">
     <span class='ocr_line' id='line_1_31' title="bbox 158 3209 1179 3290; baseline 0.004 -26"><span class='ocrx_word' id='word_1_220' title='bbox 158 3212 316 3290; x_wconf 52' lang='lat' dir='ltr'>structura,</span> <span class='ocrx_word' id='word_1_221' title='bbox 334 3209 492 3279; x_wconf 71' lang='lat' dir='ltr'>subscripta</span> <span class='ocrx_word' id='word_1_222' title='bbox 509 3227 531 3267; x_wconf 87' lang='lat' dir='ltr'>c.</span> <span class='ocrx_word' id='word_1_223' title='bbox 641 3217 674 3266; x_wconf 81' lang='lat'>15</span> <span class='ocrx_word' id='word_1_224' title='bbox 692 3211 718 3263; x_wconf 82' lang='lat' dir='ltr'>A</span> <span class='ocrx_word' id='word_1_225' title='bbox 756 3212 923 3281; x_wconf 80' lang='lat' dir='ltr'>epileneiam</span> <span class='ocrx_word' id='word_1_226' title='bbox 942 3230 957 3268; x_wconf 87' lang='lat' dir='ltr'>c</span> <span class='ocrx_word' id='word_1_227' title='bbox 974 3215 1045 3280; x_wconf 74' lang='lat' dir='ltr'>(iao.</span> <span class='ocrx_word' id='word_1_228' title='bbox 1062 3218 1109 3282; x_wconf 76' lang='lat' dir='ltr'>p),</span> <span class='ocrx_word' id='word_1_229' title='bbox 1136 3213 1179 3268; x_wconf 88' lang='lat' dir='ltr'>De</span> 
     </span>
     <span class='ocr_line' id='line_1_32' title="bbox 157 3279 1177 3354; baseline 0.003 -19"><span class='ocrx_word' id='word_1_230' title='bbox 157 3281 294 3350; x_wconf 79' lang='lat' dir='ltr'>epilensua</span> <span class='ocrx_word' id='word_1_231' title='bbox 306 3295 338 3349; x_wconf 81' lang='lat' dir='ltr'>p.</span> <span class='ocrx_word' id='word_1_232' title='bbox 422 3287 455 3334; x_wconf 82' lang='lat'>16</span> <span class='ocrx_word' id='word_1_233' title='bbox 474 3279 610 3350; x_wconf 78' lang='lat' dir='ltr'>epilensic</span> <span class='ocrx_word' id='word_1_234' title='bbox 628 3298 668 3351; x_wconf 79' lang='lat' dir='ltr'>cp.</span> <span class='ocrx_word' id='word_1_235' title='bbox 751 3289 784 3338; x_wconf 77' lang='grc'>17</span> <span class='ocrx_word' id='word_1_236' title='bbox 804 3283 906 3340; x_wconf 75' lang='lat' dir='ltr'>effecte.</span> <span class='ocrx_word' id='word_1_237' title='bbox 923 3301 965 3354; x_wconf 72' lang='lat' dir='ltr'>cp.</span> <span class='ocrx_word' id='word_1_238' title='bbox 1049 3288 1083 3340; x_wconf 87' lang='grc'>18</span> <span class='ocrx_word' id='word_1_239' title='bbox 1102 3284 1177 3339; x_wconf 84' lang='lat' dir='ltr'>enim</span> 
     </span>
     <span class='ocr_line' id='line_1_33' title="bbox 157 3349 1180 3424; baseline 0.003 -18"><span class='ocrx_word' id='word_1_240' title='bbox 157 3367 249 3406; x_wconf 78' lang='lat' dir='ltr'>omc.</span> <span class='ocrx_word' id='word_1_241' title='bbox 332 3349 557 3420; x_wconf 71' lang='lat' dir='ltr'>submcump.</span> <span class='ocrx_word' id='word_1_242' title='bbox 643 3358 677 3407; x_wconf 80' lang='grc'>19</span> <span class='ocrx_word' id='word_1_243' title='bbox 695 3355 792 3409; x_wconf 78' lang='lat' dir='ltr'>autam</span> <span class='ocrx_word' id='word_1_244' title='bbox 809 3354 965 3424; x_wconf 81' lang='lat' dir='ltr'>ntdixip.</span> <span class='ocrx_word' id='word_1_245' title='bbox 979 3371 1011 3424; x_wconf 83' lang='lat' dir='ltr'>p.</span> <span class='ocrx_word' id='word_1_246' title='bbox 1095 3356 1180 3410; x_wconf 75' lang='lat' dir='ltr'>toet</span> 
     </span>
     <span class='ocr_line' id='line_1_34' title="bbox 157 3421 1178 3495; baseline 0.004 -19"><span class='ocrx_word' id='word_1_247' title='bbox 157 3421 311 3492; x_wconf 74' lang='lat' dir='ltr'>aliqnando</span> <span class='ocrx_word' id='word_1_248' title='bbox 324 3437 355 3492; x_wconf 78' lang='lat' dir='ltr'>p.</span> <span class='ocrx_word' id='word_1_249' title='bbox 429 3426 463 3476; x_wconf 75' lang='lat'>21</span> <span class='ocrx_word' id='word_1_250' title='bbox 483 3421 606 3492; x_wconf 80' lang='lat' dir='ltr'>corporis</span> <span class='ocrx_word' id='word_1_251' title='bbox 620 3437 705 3494; x_wconf 77' lang='lat' dir='ltr'>emp</span> <span class='ocrx_word' id='word_1_252' title='bbox 723 3425 860 3494; x_wconf 83' lang='lat' dir='ltr'>(corporis</span> <span class='ocrx_word' id='word_1_253' title='bbox 877 3427 924 3482; x_wconf 86' lang='lat' dir='ltr'>vel</span> <span class='ocrx_word' id='word_1_254' title='bbox 937 3425 1127 3480; x_wconf 87' lang='lat' dir='ltr'>membrorum</span> <span class='ocrx_word' id='word_1_255' title='bbox 1143 3427 1178 3495; x_wconf 84' lang='lat' dir='ltr'>c).</span> 
     </span>
    </p>
   </div>
   <div class='ocr_carea' id='block_1_18' title="bbox 0 0 1306 4028">
    <p class='ocr_par' dir='ltr' id='par_1_19' title="bbox 0 0 1306 4028">
     <span class='ocr_line' id='line_1_35' title="bbox 0 0 1306 4028; baseline 0 0"><span class='ocrx_word' id='word_1_256' title='bbox 0 0 1306 4028; x_wconf 95' lang='lat' dir='ltr'> </span> 
     </span>
    </p>
   </div>
  </div>
 </body>
</html>
