2558 4022
582 217 780 280 -2-

263 412 285 472 1.
327 411 375 472 hd
406 412 547 473 tardum
580 415 653 474 sive
690 415 932 474 inveteratum
964 415 1097 494 capitis
1130 414 1189 474 do·

174 500 287 561 loram
315 519 417 580 quem
446 500 573 562 Graeci
600 501 826 580 cephalaeam
853 501 1050 582 appellant,
1082 510 1117 563 et
1149 503 1189 563 ad

176 591 254 650 eius
268 589 476 650 medietatis
491 607 594 668 quem
608 592 830 652 emicranion
844 599 985 672 vocant,
1004 599 1039 651 et
1057 591 1097 652 ad
1112 610 1188 652 ver·

175 680 357 756 tiginosos
386 696 474 756 quos
501 676 713 756 ilingiontas
737 679 933 760 appellant,
962 687 997 741 et
1020 679 1059 739 ad
1090 688 1189 740 tene·

148 765 301 827 sbrosos
325 785 413 845 quos
437 768 695 826 scotomaticos
718 766 852 828 dicunt.

263 890 407 950 Universa
434 889 507 950 haec
530 892 562 949 in
585 891 680 968 capite
705 890 883 952 efficiuntur.
921 898 951 951 et
970 899 1016 951 est
1034 890 1190 970 cephalaea

176 997 212 1038 ex
231 979 312 1037 omni
329 985 414 1055 parte
438 979 543 1057 capitis
565 979 729 1038 inveterata
751 980 863 1058 passio,
887 997 960 1057 quas
979 979 1085 1040 Graeci
1103 978 1189 1039 chro-

175 1068 239 1127 nias
271 1064 413 1125 diathesis
445 1071 564 1144 vocant,
595 1065 640 1125 vel
673 1067 765 1126 totius
794 1066 981 1128 membranae
1015 1085 1090 1146 qnae
1122 1084 1190 1127 ossa

175 1156 278 1234 capitis
302 1152 431 1232 desuper
454 1155 657 1214 circumvestit
685 1155 872 1234 superposita
895 1153 1012 1216 ossibus
1036 1155 1190 1235 subposita

134 1264 161 1303 ro
175 1245 249 1323 cuti,
287 1250 317 1302 et
354 1240 518 1321 appellatur
554 1260 571 1302 a
612 1241 732 1303 Graecis
772 1245 969 1323 perieranios,
1010 1251 1061 1303 aut
1095 1245 1191 1322 ipsius

173 1329 363 1392 membranae
386 1332 492 1411 partis,
520 1348 608 1409 quam
636 1338 778 1391 consuete
807 1333 989 1391 emicranion
1013 1330 1123 1391 dicunt.
1164 1334 1190 1391 si

174 1438 244 1479 vero
268 1437 338 1480 cum
362 1436 511 1479 consensu
533 1417 667 1480 radicum
691 1418 846 1480 oevrlorum
873 1417 1032 1480 bulborum
1055 1421 1190 1499 ipsorum

174 1509 266 1569 luerit
288 1507 385 1588 dolor,
407 1508 588 1568 manifestim
610 1509 642 1568 in
665 1507 789 1568 cerebro
813 1507 879 1570 deri
900 1507 1076 1568 ostenditur.

264 1597 409 1676 contingit
440 1597 628 1675 frequentius
662 1615 699 1656 ex
730 1597 924 1676 perfrictione
957 1605 1008 1658 aut
1040 1597 1190 1657 contrario

134 1704 160 1744 rs
174 1684 330 1746 adustione
354 1691 405 1745 ant
427 1684 587 1746 vinolentia
611 1692 661 1745 aut
681 1703 828 1764 percussu
851 1693 903 1746 aut
927 1687 1101 1746 ventositate
1121 1703 1189 1745 cau-

174 1776 249 1834 satio
287 1774 477 1834 nervositatis
509 1772 697 1833 membranae
732 1774 922 1853 pericraniou
959 1792 1049 1853 supra
1086 1773 1190 1834 dictae.

174 1861 250 1922 solet
272 1863 362 1921 etiam
386 1868 416 1919 et
443 1862 595 1920 austrinus
618 1878 670 1919 aer
692 1861 817 1920 iniurias
840 1863 944 1940 capitis
967 1863 1097 1943 nutrice,
1121 1880 1191 1922 cum

247 2055 260 2103 1
285 2048 330 2103 hd
353 2064 403 2104 orn.
422 2064 459 2118 p,
481 2049 531 2117 qai
552 2047 735 2103 nominativos
754 2049 849 2118 poseat
873 2049 925 2104 sic:
967 2047 1076 2103 Tardus
1095 2092 1101 2104 .
1122 2092 1129 2105 .
1147 2049 1190 2103 in·

172 2121 336 2176 veteratus.
352 2160 358 2173 .
373 2118 474 2175 dolor.
490 2159 496 2172 .
512 2161 518 2173 .
534 2121 564 2173 et
582 2119 641 2174 eius
658 2137 695 2173 m.
714 2136 780 2188 pars
799 2122 871 2191 (pas)
886 2161 892 2174 .
909 2161 915 2174 .
934 2121 964 2175 et
981 2118 1189 2188 vertiginosi..

173 2193 202 2246 et
230 2191 381 2246 tenebrosi.
426 2191 458 2245 in
480 2191 594 2245 rubrica
621 2189 665 2243 Ad
689 2190 853 2260 cephaleam
872 2207 923 2260 pa,
944 2190 986 2244 De
1011 2189 1146 2259 cephalea
1163 2207 1189 2259 p.

173 2268 189 2316 3
200 2261 360 2317 medietatis
374 2263 486 2330 partem
499 2263 575 2331 (pars
583 2263 617 2330 p)
635 2277 720 2330 quam
731 2277 783 2332 ppo
797 2263 856 2330 (nbi
864 2259 1025 2316 medietatis
1035 2285 1069 2306 =
1080 2260 1191 2316 mediae

172 2332 274 2402 parfia,
292 2334 366 2388 narde
383 2333 456 2400 qaod
474 2333 554 2387 amisi
570 2333 701 2400 partem).
773 2332 942 2388 amictanion
960 2349 988 2399 a,
1014 2331 1191 2403 emigranion

172 2419 217 2471 pp.
268 2403 302 2470 af.
323 2403 395 2458 (lael.
414 2401 486 2456 Arar.
500 2419 531 2470 p.
548 2407 606 2458 269
626 2403 671 2470 (de
691 2401 852 2473 emigranea
871 2403 966 2457 dolore
984 2403 1064 2459 Alea.
1082 2405 1115 2472 I,
1134 2405 1190 2471 45).

173 2472 361 2529 tilicnuntas
375 2489 406 2542 9,
425 2471 478 2545 <iii
495 2474 558 2528 add.
578 2473 614 2527 al.
628 2471 685 2545 aa.)
701 2475 705 2543 Ι
721 2473 835 2543 mantas
849 2490 879 2543 p,
898 2473 1045 2543 illigantes
1064 2491 1085 2528 a.
1173 2479 1190 2527 5
1268 2503 1269 2507 =

173 2544 302 2598 dixeram
316 2561 338 2600 c.
412 2543 578 2612 acephalae
592 2545 634 2611 (at
647 2547 745 2613 aare)
761 2561 821 2614 ppo.
894 2551 1010 2613 iquos:
1032 2561 1116 2614 quam
1129 2560 1190 2615 ppo.

174 2615 283 2670 cronies
301 2614 423 2670 diathesi
436 2631 467 2684 p.
558 2613 682 2670 {itatius
700 2631 750 2670 orn.
768 2631 797 2684 p.
887 2616 1115 2672 aeneumvestic
1132 2633 1147 2670 a
1165 2621 1191 2670 et

173 2686 287 2754 (circum
301 2687 374 2741 inter
387 2687 436 2741 lin.
447 2685 522 2753 add.)
536 2692 567 2755 9⁰
580 2685 684 2755 (diaeta
700 2685 788 2740 vestit
800 2702 844 2768 pp.
917 2688 1092 2757 superposita
1105 2687 1191 2743 vesti-

172 2756 232 2812 bus.
252 2757 360 2813 ossibus
369 2757 447 2826 subp.
458 2755 518 2811 cuti
526 2757 590 2824 (sia)
599 2771 620 2811 e.
681 2757 1094 2844 superposita(iterrnn)eutip.t
1156 2763 1190 2811 10

173 2829 347 2898 appellatur:
366 2827 469 2883 dieitur
486 2843 509 2882 a.
580 2827 1190 2899 perigran1onac(pericranionp,caepa·
1266 2883 1267 2898 ¹

172 2898 288 2967 npdveoc
302 2894 378 2970 ὑμήν
394 2898 471 2969 Gal.)
543 2905 575 2953 11
586 2899 716 2968 partisp:
734 2913 800 2968 pars
812 2913 852 2968 90.
926 2917 1010 2968 quam
1025 2904 1071 2968 (oc.
1085 2899 1189 2970 passio·

172 2970 402 3096 hlitiiqiit
415 2987 453 3097 ia
478 2969 1126 3109 dedititii”tantilem
1141 2971 1189 3093 (lt

175 3126 238 3164 cum
252 3127 334 3165 sensu
348 3127 369 3165 c.
441 3057 746 3182 eut(n)buib0ru1i1rn
813 3056 921 3167 bss'rem
934 3113 969 3179 cf.
984 3111 1046 3166 aaa.
1061 3115 1109 3177 12,
1124 3115 1189 3166 563.

174 3187 207 3236 13
230 3181 406 3236 manifestius
424 3198 460 3251 p,
484 3184 565 3236 -tus
584 3199 606 3236 c.
705 3189 739 3237 14
762 3182 908 3252 Contingit
929 3182 1024 3236 eutem
1046 3181 1085 3249 (a)
1107 3180 1142 3234 fr.
1156 3197 1188 3249 p.

172 3252 352 3322 perfrictione
366 3253 439 3321 (cane
451 3254 609 3307 correctoris
618 3259 649 3322 9⁰
658 3254 693 3324 pl.
703 3253 793 3310 interl.
807 3253 921 3323 irigore)
931 3267 975 3322 par
990 3249 1188 3321 perfricatione

171 3325 251 3391 (attio
270 3324 347 3394 apud
363 3324 524 3378 recentiores
541 3324 663 3392 somnne)
677 3341 708 3394 p.
800 3323 940 3379 contraria
957 3337 980 3378 c.
1073 3327 1107 3376 tt
1125 3338 1186 3391 per·

173 3411 255 3450 cassu
272 3412 319 3466 aa:
337 3409 502 3464 percussura
516 3411 547 3464 p.
618 3394 795 3450 ventositatis
814 3393 983 3450 causatione.
1007 3391 1186 3449 nervositatis

171 3483 231 3537 ape.
304 3472 337 3520 16
356 3465 535 3537 perigranion
552 3481 571 3534 9
589 3465 750 3535 (-cranion
764 3483 795 3535 p,
818 3465 966 3521 -etanion
984 3467 1017 3533 c).
