2558 4022
489 229 704 293 ,43-

87 381 238 434 vocantur.
280 380 311 434 et
338 381 409 434 sunt
436 374 600 434 curationis
628 372 766 434 difficilis.
806 381 971 436 nascuntur
1000 375 1032 434 in
1055 392 1102 434 ca·

87 461 237 541 cochymis
261 459 438 541 corporibus
461 461 492 522 id
515 468 562 522 est
584 460 660 522 malo
682 460 808 522 humore
830 464 986 540 possessis.

176 558 224 612 est
245 553 356 611 iterum
379 548 459 610 aliud
487 567 582 628 genus
605 549 772 610 scrofarum
795 552 916 612 minime
938 549 1103 612 adhaerens

85 639 141 700 sed
168 640 263 718 magis
292 637 348 698 sub
372 645 440 698 cute
468 645 573 698 natans
600 645 631 698 et
657 637 785 718 plurima
808 639 926 698 natione
954 637 1103 718 pullulans

83 730 167 788 sicut
194 745 290 805 genus
316 743 491 806 porcorum,
518 725 598 788 unde
625 728 735 787 iterum
768 726 883 786 scrofae
916 744 1025 787 nomen
1056 741 1130 787 aes

82 822 244 895 ceperunt.
286 821 449 876 nascuntur
476 821 511 876 ut
537 832 628 894 supra
656 813 839 877 dictumest
868 813 1050 893 glandulosis
1072 816 1103 874 in

80 903 174 984 locis,
202 909 236 964 ut
264 905 295 962 in
318 907 439 981 gutture
461 902 507 963 vel
530 901 587 964 suh
611 901 656 965 ala
678 910 730 964 aut
755 904 788 964 iu
815 904 952 984 inguine,
980 908 1011 964 et
1034 911 1104 964 suut

81 994 149 1052 sive
172 991 322 1069 chirurgia
346 992 406 1050 sive
430 990 653 1057 medicamentis
677 993 830 1058 curatione
854 989 964 1054 faciles.

175 1086 299 1159 propter
322 1096 357 1138 ea
380 1081 542 1140 curationis
569 1088 704 1158 tempore
733 1078 830 1143 dialon
854 1079 1103 1142 medicamentum

81 1169 212 1233 inferius
231 1185 286 1228 suo
307 1166 373 1227 locu
393 1169 596 1247 conscriptum
614 1185 754 1248 appones.
791 1169 873 1230 novit
890 1170 970 1228 enim
989 1167 1102 1229 scrolas
1118 1183 1143 1222 10

82 1257 202 1318 solvere
221 1263 252 1316 et
274 1257 305 1316 in
328 1255 454 1318 humore
472 1255 634 1335 purulento
653 1273 811 1318 conversas
833 1274 888 1336 per
911 1273 1001 1336 poros
1025 1257 1102 1316 cutis

83 1345 247 1406 desiccare.
280 1351 332 1404 aut
350 1351 431 1405 certe
452 1344 559 1406 maline
574 1343 746 1424 Vespasiani
764 1344 943 1425 appellatum
961 1360 1102 1424 appones

83 1442 209 1494 etcum
231 1431 341 1492 videris
370 1450 461 1511 supra
486 1432 580 1492 dictas
604 1433 717 1497 scrofas
739 1434 771 1492 in
794 1432 936 1494 saniolam
960 1433 1102 1506 converti,

81 1521 238 1601 chirurgia
271 1521 366 1581 uteris
401 1528 432 1582 et
468 1519 634 1580 secundum
670 1522 816 1588 rationem
853 1519 985 1601 curabis,
1022 1519 1101 1598 quod

83 1610 193 1672 Graeci
216 1618 280 1672 cata
303 1607 393 1687 logon
414 1615 529 1670 vocant.
1117 1621 1142 1660 aa

377 1765 492 1828 XXVII.
528 1765 577 1828 ald
601 1773 822 1828 steatomata.

177 1892 356 1954 steatomata
384 1891 524 1952 dicuntur
552 1891 678 1952 durities
705 1892 737 1952 in
766 1889 990 1952 similitudinem
1022 1907 1102 1950 scro-

83 1985 184 2044 farum
209 1987 395 2058 emergentes
418 1980 505 2058 paulo
533 1981 665 2058 potiores
689 1987 719 2040 et
742 1977 906 2061 molliores,
934 1996 1010 2056 quae
1034 1996 1103 2040 cum

83 2071 179 2150 digito
203 2069 316 2129 luerint
337 2070 499 2148 impressae
528 2067 639 2127 cedunt
666 2085 700 2126 ac
724 2075 899 2147 resurgunt,
915 2065 1021 2145 ‘adipis
1045 2065 1102 2126 cal-

82 2160 143 2220 losi
171 2156 342 2241 quialitatem
369 2158 446 2216 intra
475 2174 507 2216 se
537 2157 732 2215 continentes.
778 2154 858 2214 unde
885 2156 951 2232 ipsc
983 2156 1102 2214 nomine
1117 2167 1143 2206 ao

161 2355 173 2400 1
194 2345 352 2400 curationes
371 2341 462 2396 diffisi
478 2359 496 2412 ρ
514 2339 667 2411 (cumidem
685 2339 814 2396 difficiles
834 2343 867 2410 c),
887 2341 1031 2396 curatione
1050 2341 1103 2396 dif-

82 2419 174 2475 ficiles
193 2434 224 2486 p.
315 2413 471 2482 cscocymis
494 2429 525 2483 9,
551 2411 718 2497 osclatmimis
741 2429 768 2480 c,
793 2411 956 2468 oacocismis
974 2411 1119 2482 (-oisini¹

83 2513 150 2564 ante
168 2504 250 2573 cerr.)
265 2520 294 2573 p.
369 2508 384 2556 3
404 2501 457 2556 Est
473 2501 576 2556 iterum
594 2501 629 2571 (ll
647 2501 720 2556 iterii
738 2517 765 2570 9,
783 2501 833 2555 ubi
851 2519 866 2556 e
885 2517 919 2554 ec
936 2499 947 2554 i
965 2517 1034 2556 corr.
1054 2502 1103 2571 qui

82 2575 269 2643 euticetem)
283 2589 343 2646 qap.
414 2571 543 2627 minime:
557 2578 622 2627 noia
638 2571 770 2640 (nomine)
787 2589 808 2627 e.
881 2572 1102 2629 adherentes...

82 2649 216 2705 notantes
232 2688 238 2700 .
254 2687 261 2701 .
278 2686 284 2700 .
299 2643 460 2714 pululantes
478 2643 668 2714 (pululeoione
686 2641 859 2712 pullulantes
877 2645 915 2712 ct)
932 2660 976 2724 gc,
996 2641 1102 2697 -tinm

83 2752 189 2806 semper
202 2751 232 2804 p.
306 2732 457 2795 ductione
474 2749 519 2803 qe:
539 2731 694 2788 variatione
708 2748 739 2800 p.
835 2737 851 2786 t
870 2731 947 2786 serof
962 2747 1064 2786 nomen
1076 2747 1103 2800 y,

84 2823 190 2864 nomen
204 2804 309 2860 scrofas
324 2821 347 2870 e,
361 2820 463 2858 nomen
477 2803 565 2869 scrofa
574 2821 605 2872 p.
679 2807 694 2856 1
713 2801 743 2855 in
760 2801 876 2870 inguine
891 2818 906 2854 c
924 2801 963 2870 (in
982 2818 1033 2855 om.
1047 2802 1102 2870 ep).

86 2886 104 2934 8
125 2876 320 2944 curationesp
340 2877 421 2946 (-ne
439 2875 490 2944 90).
565 2873 709 2928 sdialcon
726 2889 767 2943 ρο,
787 2871 917 2940 dialeop
936 2871 983 2938 (cf.
1003 2887 1024 2924 c.
1044 2874 1102 2938 21).

86 2973 123 3022 10
141 2965 216 3022 serol
230 2981 256 3034 9.
348 2968 381 3017 11
402 2979 418 3026 z
438 2963 466 3016 et
483 2962 514 3016 in
531 2963 560 3016 h.
577 2979 603 3032 9.
685 2959 716 3013 in
733 2959 850 3013 humore
868 2959 1018 3028 purulento
1037 2974 1102 3012 con-

85 3053 181 3094 versas
196 3038 353 3104 (conversos
367 3049 390 3099 o,
405 3049 538 3088 converso
548 3034 582 3102 p)
590 3048 650 3102 qap.
724 3035 757 3084 12
772 3028 876 3084 melino
889 3047 922 3101 ec
936 3029 1050 3099 (molina
1060 3033 1102 3100 p).

86 3115 120 3164 13
141 3106 279 3162 saniclem
297 3121 338 3174 qe,
358 3103 435 3156 —las
449 3121 480 3174 p.
568 3107 602 3157 14
621 3099 768 3168 cirurrigis
784 3101 848 3168 (sic)
864 3119 902 3172 9.Ι
974 3106 1006 3156 to
1027 3105 1102 3156 cata-

84 3180 173 3250 logon
190 3194 231 3248 ρο,
250 3175 380 3244 catuligo
395 3191 427 3244 p.
498 3175 602 3230 vocant
620 3189 652 3243 9:
671 3169 818 3242 appellant
835 3188 877 3242 ep.
951 3178 984 3228 16
1003 3173 1044 3227 tu.
1058 3170 1102 3226 Ad

85 3266 278 3324 stesthomata
309 3258 489 3331 (sistemate
508 3265 533 3331 c)
550 3279 591 3332 ee,
609 3261 652 3316 De
671 3257 773 3314 duritie
792 3260 877 3314 simili
898 3259 1012 3318 duritiei
1030 3276 1103 3316 scro-

85 3337 246 3406 fularump
264 3335 307 3402 (lo
324 3337 383 3391 tau.
403 3351 482 3405 capp.
501 3333 546 3390 ad
565 3333 738 3400 atestcmss).
811 3337 844 3411 17
862 3331 1060 3387 Stoathomata
1076 3347 1102 3399 9,

87 3407 302 3464 Sceorthomote
320 3423 335 3460 e
351 3408 427 3474 (item
444 3405 524 3474 iufra
538 3421 568 3474 p.
588 3409 631 3471 44,
650 3405 688 3469 1).
768 3401 885 3456 danties
905 3405 990 3474 αφ).
1069 3407 1101 3456 19

86 3478 213 3551 inpresse
231 3479 307 3546 9(p):
327 3494 455 3548 expresse
474 3495 496 3534 c.
784 3459 814 3511 ⁸
