2558 4022
580 192 800 256 ,448-

179 355 312 400 meracaa
341 340 478 417 potiones
506 344 557 398 aut
584 335 733 398 lavacrum
761 344 812 398 aut
844 338 995 414 vaporatio
1024 343 1076 411 aut
1104 335 1198 398 flebo-

178 429 269 488 tomia
299 435 350 488 aut
382 426 579 488 catharticum
612 424 713 486 datum
745 423 825 503 quod
856 424 1016 486 farmacian
1048 424 1199 506 appellant

179 515 275 577 solvit.
317 515 369 576 sed
398 517 496 576 omnia
523 514 597 575 haec
624 516 756 593 quinque
785 511 950 574 secundum
981 515 1198 592 expositionem

179 603 296 684 Magni
323 603 609 683 iatrosophistae
638 619 727 682 supra
758 608 940 663 memoratus
962 603 1063 664 senior
1085 601 1198 683 Hippo·

154 703 278 754 acratas
310 711 378 754 cum
411 692 592 753 discretione
624 689 765 752 adhibere
797 692 961 771 praecepit,
993 698 1025 751 et
1051 693 1078 750 si
1105 690 1199 752 fuerit

181 780 265 842 dolor
293 799 330 842 err
357 780 541 860 plenitudine
570 781 736 860 sanguinis,
762 777 932 840 flebotomia
960 786 1011 840 aut
1034 778 1197 842 cathartico

180 870 364 931 detractione
389 869 464 930 facta
483 885 599 948 curare,
622 870 669 928 sin
688 885 758 928 vero
778 886 813 928 ex
833 868 966 928 siccitate
988 868 1080 928 fuerit
1102 866 1197 947 dolor,

180 957 296 1018 lavacro
315 964 345 1018 et
363 959 552 1036 vaporatione
571 956 757 1018 humectatus
777 973 890 1036 sanare,
914 959 960 1016 sin
983 973 1054 1018 vero
1074 974 1109 1016 ax
1127 973 1197 1035 per·

179 1043 1198 1126 frictioneetbumectationcfucritdolor‚meracapotionecalefactos

139 1147 165 1186 1⁰
179 1132 300 1193 mederi.
328 1135 429 1194 vinum
439 1151 567 1211 namque
582 1132 716 1194 calefacit
730 1141 760 1194 et
774 1132 913 1194 desiccat.
941 1132 1105 1195 secuudum
1115 1134 1196 1193 varia

178 1230 313 1302 tempora
343 1224 515 1300 passionum
549 1223 647 1282 omnia
678 1221 812 1282 adhiberi
846 1231 1004 1301 praccepta
1038 1228 1117 1282 sunt.
1164 1223 1196 1281 in

178 1311 251 1390 ipsis
283 1311 376 1370 initiis
409 1309 617 1372 abstinentiam
649 1309 707 1371 cibi
740 1309 785 1370 rel
817 1311 962 1371 ieiunium
992 1317 1110 1388 oportet
1141 1311 1197 1370 im·

178 1415 294 1478 perarc,
316 1401 348 1458 in
371 1406 530 1478 augmento
553 1416 623 1458 vero
647 1400 736 1460 tertia
759 1398 805 1458 vel
828 1406 933 1477 quarta
956 1398 1004 1459 die
1027 1397 1196 1458 flebotomia

178 1486 224 1545 vel
259 1485 420 1548 cathartico
458 1489 589 1568 operari,
625 1486 822 1548 declinatione
854 1505 925 1548 vero
957 1487 1049 1560 facta,
1079 1486 1195 1547 lavacro

139 1588 166 1629 15
179 1576 232 1634 uti.
278 1575 351 1635 haec
375 1583 446 1636 sunt
476 1593 550 1654 quae
582 1574 747 1637 secundum
776 1576 933 1636 aforismos
959 1575 990 1636 id
1019 1582 1066 1635 est
1093 1573 1195 1634 defini-

179 1665 269 1724 tionis
303 1664 502 1743 eloquentiam
535 1663 690 1726 oculorum
723 1663 876 1724 doloribus
907 1665 1003 1743 posita
1040 1680 1105 1722 esse
1142 1681 1195 1723 no·

179 1759 313 1812 scuntur.

267 1857 348 1900 nunc
366 1858 437 1900 vero
457 1839 585 1918 qualiter
602 1841 724 1919 proprie
747 1841 820 1918 ipsis
839 1839 933 1900 oculis
951 1841 1105 1920 passiones
1124 1858 1195 1901 con-

179 1927 293 2006 tingant
317 1926 491 1988 scribamus.
528 1926 685 2006 aliquando
709 1945 777 1988 cum
800 1930 913 2008 ingenti
936 1929 1053 1990 fervore
1077 1927 1195 1990 dolores

67 2016 73 2025 '
138 2029 165 2068 2⁰
180 2015 363 2096 efficiuntur,
387 2013 545 2095 aliquando
565 2033 633 2076 cum
655 2016 850 2096 perfrictione
870 2025 900 2078 et
922 2025 1043 2096 torpore
1063 2015 1193 2099 sensus,]

251 2298 266 2345 1
285 2295 392 2348 morata
410 2293 555 2362 passiones
573 2310 602 2360 c,
626 2291 697 2347 meri
715 2293 844 2363 potiones
858 2310 889 2362 p.
998 2294 1090 2360 lavait
1108 2309 1135 2363 c,
1154 2293 1194 2348 la·
1267 2357 1268 2362 ἵ

178 2361 256 2416 vacri
269 2379 299 2430 p.
372 2366 470 2416 aut-
485 2363 577 2418 solvat
593 2365 657 2432 (sic)
671 2380 696 2418 cr
717 2367 767 2418 aut
779 2363 912 2418 formatio
925 2363 1010 2420 solvit
1024 2367 1083 2431 (cet.
1099 2371 1154 2433 cm)
1163 2383 1193 2434 p.

179 2436 195 2484 2
214 2431 350 2487 sarmacia
368 2449 391 2486 c.
464 2440 480 2487 3
495 2433 529 2488 V.
544 2450 586 2502 cp.
659 2439 676 2486 4
690 2434 787 2503 magni
800 2435 901 2502 hpatro
916 2434 1042 2504 sophista
1057 2451 1079 2504 c,
1098 2437 1196 2506 magni

179 2504 268 2589 (mad)
291 2519 384 2574 hiatus
408 2520 532 2590 sophista
550 2538 582 2590 p.
687 2538 771 2591 supra
793 2538 843 2577 om.
867 2538 888 2578 c.
989 2527 1146 2579 memorato
1173 2541 1195 2580 c.

178 2591 272 2660 hypoe
288 2606 310 2658 c,
328 2607 448 2660 ypocras
461 2609 492 2660 p.
578 2598 679 2646 ocum
697 2609 748 2647 om.
767 2609 789 2648 c.
880 2593 1009 2649 adhiberi
1027 2611 1042 2649 c
1061 2598 1138 2662 (—-re
1152 2601 1194 2665 p).
1265 2621 1266 2626 ¹

178 2664 210 2714 ut
228 2660 251 2716 si
270 2677 311 2730 cp.
395 2662 634 2717 fdetractationa
649 2681 679 2732 p.
769 2665 875 2718 factam
895 2682 916 2720 c,
1004 2665 1053 2720 Sin
1071 2683 1098 2720 c:
1119 2667 1149 2722 si
1164 2685 1194 2736 p.

178 2747 213 2786 ex
227 2748 276 2787 om.
292 2748 334 2802 cp.
407 2732 606 2788 8humectatis
620 2750 642 2788 c.
715 2733 764 2788 Sin
780 2751 807 2788 c:
822 2733 892 2804 Sip.
966 2736 1195 2807 aperiricatione
1264 2761 1265 2766 ¹

178 2819 212 2873 cp
230 2804 259 2874 (i.
278 2802 383 2874 frigore
402 2805 466 2860 cdd.
480 2820 518 2872 p,
537 2821 593 2858 eoo
612 2808 646 2872 c).
719 2820 831 2860 meraca
849 2823 863 2861 c
881 2807 988 2874 (menta
1006 2808 1080 2862 Patr.
1095 2812 1194 2878 c.19):

179 2875 250 2930 meri
263 2891 302 2944 p:
369 2881 403 2930 10
421 2875 519 2930 vinum
537 2906 570 2917 —
590 2875 718 2930 adhiberi
732 2892 767 2944 p:
787 2891 836 2930 oro.
852 2893 874 2932 c.
947 2895 1083 2946 namque:
1103 2886 1152 2950 naq
1164 2897 1194 2948 p.
1263 2895 1264 2908 ¹

180 2950 212 2998 12
227 2945 400 3002 abstinentia
413 2963 435 3002 c.
503 2947 550 3002 vei
562 2946 698 3002 ieiunium
713 2963 739 3001 c:
754 2962 805 3002 om.
815 2963 845 3016 p.
914 2954 947 3004 13
962 2947 1154 3032 flebotomiam
1163 2967 1193 3020 p.

179 3021 213 3068 14
231 3017 278 3070 vel
295 3033 322 3072 c:
342 3020 393 3072 aut
406 3035 436 3086 p.
524 3019 659 3074 catartaria
675 3021 740 3088 (sic)
752 3035 784 3087 p,
803 3035 902 3074 -cum
920 3035 943 3074 c.
1034 3037 1146 3089 operari
1160 3038 1195 3090 p:
1262 3031 1263 3056 ³

178 3101 244 3166 -sre
265 3103 287 3140 c.
358 3087 389 3140 in
408 3089 516 3158 declp
536 3090 575 3158 (in
594 3105 644 3146 ora.
664 3093 697 3158 c).
769 3089 846 3144 facta
864 3107 915 3147 om.
929 3107 959 3159 p.
1039 3097 1071 3146 15
1092 3091 1195 3146 diffini·

177 3155 264 3238 tronis
284 3171 315 3224 p.
408 3164 440 3212 16
463 3161 617 3214 nascuntur
645 3177 685 3228 cp.
778 3165 810 3214 18
837 3161 974 3230 passionis
1000 3161 1196 3232 continguis,

178 3241 319 3294 passrones
337 3226 504 3298 contingunt
517 3246 549 3298 p.
659 3236 691 3285 ta
710 3231 869 3300 Aliquando
888 3238 935 3287 etc.
954 3235 1023 3300 (aiat
1039 3235 1113 3302 quod
1132 3250 1196 3303 per·

178 3295 324 3352 fricatione
348 3299 378 3352 at
400 3302 528 3368 corpore)
551 3316 578 3354 c:
602 3300 720 3358 Dolores
748 3301 908 3363 efficiuntur
931 3304 985 3373 (bic
1009 3319 1080 3359 corr.
1107 3321 1197 3374 morp.

177 3367 340 3508 qpqpppplog
359 3385 422 3424 cum
440 3369 550 3440 ingenti
568 3371 676 3430 fervere
694 3375 766 3443 (sic).
803 3371 954 3444 aliquando
968 3390 1031 3429 cum
1045 3373 1196 3430 fricatione

307 3458 320 3493 1
339 3485 344 3495 .

1258 3303 1261 3430 l
