2588 4028
499 239 740 303 —145—

108 385 208 454 fronte
228 400 296 444 cum
314 384 430 461 ingemi
447 384 561 461 impetu
579 381 701 444 excluso
719 399 789 444 cum
806 382 894 462 prdsu
912 383 1016 446 vaiido.
1053 403 1123 446 cou-

108 474 197 551 tingit
230 479 330 534 autem
366 471 541 549 nequeuter
576 472 698 532 aestatis
734 480 867 550 tempore
898 471 1055 534 turonibus
1086 491 1123 534 ex

108 562 310 624 commotione
333 558 421 622 rurbci
443 558 529 623 fellis.
569 593 574 601 ·

199 647 239 710 ob
258 647 439 726 diligentiam
454 665 524 708 vero
538 648 701 708 curationis
719 655 788 710 anto
805 647 878 710 solis
896 657 995 712 ortum
1014 649 1124 712 norbae

104 737 371 816 semperviventis,
403 753 491 815 quarn
523 738 626 798 mooun
658 745 775 816 vocant,
807 735 877 798 folia
910 736 936 796 X
968 739 1065 818 rapies
1093 747 1152 800 et⁵

109 833 248 904 tempore
266 823 335 903 galli
354 833 458 886 contus
475 827 570 904 prima
592 823 641 884 dio
664 823 733 886 ioiia
751 824 775 884 V
796 834 876 886 teres
894 833 926 888 ot
944 843 1013 888 cum
1031 844 1124 905 aquae

102 915 291 977 -cisterninae
315 911 406 974 calice
429 930 489 976 uuo
511 914 595 993 potui
617 911 715 993 dahis,
737 916 779 976 ita
802 922 836 974 ut
857 932 895 976 ex
918 917 982 993 ipsa
1004 917 1125 995 potione

104 1001 261 1066 modicum
279 1003 310 1060 in
329 999 420 1062 colico
438 1009 540 1084 restet,
558 1011 590 1064 et
605 1019 644 1066 cx
662 1003 728 1080 ipso
744 1001 867 1064 residuo
884 1002 1002 1082 liquore
1020 1011 1124 1082 noges

109 1091 216 1152 leviter
239 1107 346 1151 nervos
369 1092 494 1154 cervinis
517 1107 585 1152 cum
608 1089 685 1152 collo
708 1099 739 1152 et
767 1090 889 1154 thorace
915 1100 946 1152 et
969 1094 1066 1172 spina,
1093 1101 1124 1152 et

106 1179 167 1240 leui
194 1195 228 1240 ac
255 1180 339 1240 tenui
366 1188 397 1240 et
424 1178 488 1240 tiito
515 1181 701 1258 operimento
728 1181 847 1260 operies
874 1183 1030 1259 patientes
1066 1180 1123 1242 hoc
1138 1193 1164 1234 1⁰

104 1285 164 1346 per
192 1266 326 1328 triduum
355 1266 446 1330 iacies
474 1269 552 1328 siout
580 1268 650 1330 dixi.
690 1271 785 1346 prima
814 1267 863 1330 die
886 1267 910 1326 V
940 1268 1008 1330 iotis
1031 1267 1124 1348 dabis,

104 1356 241 1418 secunda
263 1354 327 1436 vll,
340 1357 439 1416 *tertia
461 1353 553 1436 Villi,
580 1365 611 1416 et
634 1355 759 1419 sanabis.

217 1545 302 1611 nvn.
339 1550 386 1610 nd
410 1558 532 1628 typum
555 1552 752 1610 tertianam
774 1552 1013 1632 manifestum.

200 1691 360 1754 Tertianus
379 1692 554 1755 manifestus
572 1709 589 1754 a
608 1690 728 1752 Graecis
746 1689 863 1751 acribus
885 1691 1058 1774 appellatur.
1096 1701 1126 1752 et

107 1781 240 1844 efficitur
262 1781 390 1846 maxime
414 1788 547 1860 tempore
566 1781 686 1842 aestatis
709 1779 766 1840 sub
788 1781 903 1860 ingenti
926 1781 1124 1842 commotione
1139 1791 1165 1831 1⁵

108 1869 179 1930 ssavi
196 1868 273 1930 tollis
290 1868 320 1928 id
340 1877 386 1930 est
404 1867 500 1949 rubei,
519 1867 599 1948 quod
613 1867 719 1930 Graeci
736 1867 866 1930 xanthen
886 1867 992 1930 cholen
1011 1878 1124 1930 vocant.

201 1959 363 2018 curationis
390 1975 462 2018 vero
489 1966 623 2037 tempore
650 1965 809 2036 postquam
836 1957 990 2036 aegritudo
1018 1960 1124 2038 pepsin

109 2048 231 2126 iecerit,
255 2045 310 2105 hoo
334 2053 380 2106 est
402 2054 471 2126 post
488 2044 529 2106 111
547 2045 593 2106 vel
611 2045 665 2106 1111
687 2045 827 2125 periodos
845 2049 906 2108 sire
929 2049 1124 2127 accessiones,

103 2132 207 2214 <quas
234 2137 388 2212 patiuntur
416 2134 463 2194 die
492 2135 570 2193 inter·
598 2131 710 2212 diem>
740 2136 772 2193 in
798 2136 893 2212 prima
921 2137 1036 2194 anetina
1067 2133 1125 2212 die,

185 2395 317 2447 nantem
335 2408 385 2446 om.
400 2409 432 2462 p.
505 2391 617 2446 3rubri
631 2408 661 2460 p.
733 2397 900 2448 dveroom.
916 2409 937 2446 o.
1010 2356 1128 2446 buiron

102 2477 145 2534 v‚cp
164 2465 211 2534 (of.
231 2464 317 2534 Apol.
335 2463 407 2518 herb.
426 2467 483 2519 123
501 2462 539 2518 ad
556 2461 784 2534 hemitritaeum).
868 2464 894 2518 X
912 2465 973 2534 (oio)
992 2479 1033 2532 cn.
1061 2464 1125 2530 fort.

237 2534 392 2672 aa
548 2533 964 2660 uu
979 2552 1002 2660 r
1020 2536 1077 2605 u
1093 2535 1126 2658 r

110 2623 201 2732 {yffi
213 2623 250 2730 lin
267 2623 323 2730 nno
337 2647 379 2748 p..
451 2682 467 2731 8
486 2622 594 2745 liquffie
613 2667 640 2732 cz
658 2675 730 2746 lidre
744 2693 767 2746 p
786 2678 842 2747 (aed
859 2649 1056 2748 supra'riuore
1071 2679 1126 2746 p0).

111 2765 208 2836 tangis
233 2765 335 2819 leniter
353 2780 394 2834 cp.
468 2771 501 2820 10
515 2767 544 2819 et
560 2765 629 2820 trito
648 2749 711 2834 (uto
721 2766 754 2834 p)
769 2782 810 2834 cp.
883 2765 975 2836 operis
990 2781 1022 2833 φ
1035 2767 1127 2888 Sopor.

110 2837 172 2906 pot.
193 2835 285 2904 operis
299 2838 340 2905 12).
451 2841 483 2890 11
502 2835 588 2892 facies
606 2853 632 2891 o:
654 2835 724 2890 focis
739 2851 770 2904 p.
880 2841 912 2888 12
931 2834 1017 2890 certia
1066 2851 1127 2902 ep.

113 2913 148 2962 13
172 2906 214 2962 De
236 2907 359 2960 tertiano
380 2923 402 2976 p
425 2907 482 2975 (Ad
509 2905 602 2976 tipum
624 2907 780 2962 tercianum
802 2905 981 2963 manifestum
1003 2905 1061 2960 iud.
1083 2910 1126 2974 m:

8 3043 9 3048 ἵ
89 2977 158 3054 ,nd
186 2993 282 3032 veram
308 2977 463 3032 tercianam
486 2993 500 3031 c
524 2979 597 3047 (item
623 2977 682 3032 ind.
707 2977 740 3045 c).
850 2983 883 3032 14
906 2974 1055 3032 Tertianus
1079 2981 1126 3032 etc.

8 3077 9 3086 κ
112 3052 160 3117 (sc.
180 3046 268 3118 tipus)
283 3064 323 3117 cn.
405 3047 513 3102 scribes
528 3064 563 3116 p:
582 3062 633 3104 oro.
652 3063 675 3102 c.
763 3052 795 3102 16
814 3047 894 3102 rubei
912 3063 952 3116 op.
1039 3048 1127 3117 quod:

111 3125 147 3205 ἃς
161 3153 198 3206 p,
217 3127 250 3207 (1³¹3
269 3137 375 3206 (quom)
395 3153 416 3192 c.
526 3153 560 3190 ex
583 3135 700 3190 anesten
723 3135 763 3204 (id
787 3141 825 3192 est
843 3153 877 3192 ex
904 3137 969 3194 ante
987 3137 1077 3205 colon)
1102 3155 1124 3204 o,

113 3207 231 3262 exaoolo
241 3224 272 3276 p.
347 3213 378 3261 17
394 3206 546 3264 curationis
559 3237 592 3247 —
606 3208 755 3276 postquam
769 3223 820 3265 om.
835 3224 856 3264 c.
928 3210 1002 3278 pene
1017 3210 1126 3280 (popein

110 3281 157 3348 φῦ)
175 3278 274 3334 fecerit
287 3295 322 3347 p:
346 3277 446 3348 pspsin
468 3276 553 3350 (odd.
573 3277 694 3351 quami>
713 3281 816 3334 vocant
834 3280 961 3336 fecerunt
979 3297 1001 3336 c.
1092 3285 1125 3336 18

8 3373 9 3416 ι
113 3349 161 3404 vel
178 3349 234 3404 1111
251 3365 301 3406 om.
321 3365 343 3406 o.
426 3355 458 3404 19
477 3355 498 3418 ῑι
516 3349 658 3418 sepissime
677 3350 755 3405 dicut
773 3351 819 3408 die
837 3351 912 3408 inter
930 3350 1005 3406 diem
1024 3353 1084 3420 (sic)
1100 3370 1126 3407 o:

105 3436 166 3474 om.
185 3437 215 3488 p.
323 3424 372 3490 isra
395 3420 504 3476 enetioa
526 3419 572 3476 die
595 3421 615 3476 1.
639 3419 791 3480 dimosoris
813 3440 840 3492 c,
867 3423 896 3478 in
921 3421 1014 3492 prima
1040 3423 1128 3493 igitur

107 3491 228 3545 anetioa
246 3491 291 3545 die
310 3507 365 3544 una
385 3492 444 3562 (sic)
464 3491 619 3546 dimissoria
634 3509 664 3560 p.

171 3588 291 3629 cassius
306 3589 401 3642 Felix,
415 3589 449 3632 od.
464 3589 491 3632 V.
505 3589 573 3634 Rosa.
935 3587 967 3634 10
