2558 4022
565 211 783 276 ..24-

164 354 270 417 illincs.
316 363 385 436 post
418 355 491 416 haec
524 374 593 417 curn
625 355 732 418 sudare
765 357 898 436 coeperit
925 355 1119 438 confricabis,
1152 365 1184 418 ct

164 451 233 524 post
255 443 395 505 balneum
417 461 539 505 rosaceo
563 453 615 506 aut
637 445 766 525 myrtino
789 444 855 506 oleo
877 463 1058 524 perungues.

475 637 562 698 XVII.
599 637 646 699 Ad
669 637 863 719 parotidas.

253 762 423 824 Nascuntur
450 761 601 842 parotides
629 764 709 824 circa
736 764 853 823 aurium
881 770 995 844 partes,
1025 761 1105 824 unde
1128 782 1183 824 no·

138 854 243 912 smine
263 870 370 930 graeco
389 854 432 912 sic
451 861 602 912 vocantur.
637 859 668 911 et
685 853 827 911 eveniunt
845 850 1018 930 frequenter
1036 853 1068 911 in
1087 854 1183 932 aegri-

164 937 319 1000 tudinibus
334 939 468 1018 malignis
483 957 557 1018 quas
571 938 676 1000 Graeci
692 938 848 1000 cacoethes
863 939 1019 1020 appellant.
1054 942 1183 1001 maxime

164 1025 222 1087 illis
250 1027 316 1087 fieri
339 1027 436 1088 solent
465 1030 517 1106 qui
540 1026 576 1087 ab
599 1025 834 1104 aegritudinibus
862 1027 997 1106 frigidam
1028 1029 1184 1107 potionem

163 1117 429 1194 praesumpserint.
479 1124 510 1176 et
537 1122 607 1184 sunt
638 1115 733 1176 honac
767 1133 842 1194 qnae
875 1113 974 1178 subito
1006 1115 1184 1178 inchoantes

165 1221 234 1264 cum
257 1205 387 1264 extantia
408 1205 440 1264 in
464 1205 621 1283 superficie
641 1205 719 1264 cutis
742 1206 934 1284 apparuerint
955 1211 985 1264 et
1008 1223 1078 1265 cum
1101 1223 1183 1265 com·

125 1293 279 1372 adpetenti
306 1291 408 1352 dolore
437 1300 467 1354 et
494 1291 604 1352 rubore
629 1293 823 1372 competenti,
851 1311 948 1371 neque
974 1293 1199 1354 transvorandi'

165 1380 296 1440 officium
319 1388 430 1460 negent
452 1398 550 1458 neque
574 1397 694 1440 somnos
716 1380 887 1460 impediant.
929 1389 1001 1442 sunt
1024 1381 1096 1444 attae
1121 1399 1183 1442 ma-

163 1467 260 1545 lignae
293 1485 369 1547 quae
402 1469 612 1529 contrarietate
645 1485 735 1547 supra
774 1467 921 1530 dictarum
956 1468 1184 1548 intelleguntur.

165 1557 342 1635 contingunt
368 1558 478 1618 iterum
504 1555 655 1636 parotides
687 1574 756 1616 mox
788 1565 965 1637 apparentes
997 1575 1064 1618 mox
1097 1575 1184 1618 rece·

165 1643 282 1706 dentes:
310 1643 400 1706 nullis
427 1643 660 1725 procedentibus
688 1644 857 1726 adiutoriis,
886 1645 990 1706 salutis
1012 1645 1185 1724 periculum

125 1748 151 1790 aa
164 1733 317 1815 referunt,
334 1731 372 1794 ad
395 1733 515 1794 altiores
537 1732 712 1813 pulmonum
734 1741 836 1813 partes
862 1735 1019 1813 fugientes.

254 1823 417 1882 curationis
455 1831 589 1900 tempore
623 1819 659 1880 ad
691 1820 865 1882 inchoantes
901 1821 1052 1902 parotidas
1088 1821 1185 1883 medi·

165 1916 334 1969 camentum
355 1907 562 1970 diaioreticum
577 1910 620 1970 sic
640 1908 738 1970 iacies.
767 1918 866 1972 cretae
880 1911 1064 1991 argentariae
1078 1918 1185 1989 partes

238 2152 252 2200 1
271 2147 379 2217 ceperit
396 2163 431 2218 pa
455 2147 549 2204 -rint
567 2165 590 2204 c.
699 2148 904 2219 con(9)frionbis
926 2167 954 2206 c:
979 2168 995 2216 z
1016 2149 1131 2206 fricabis
1149 2169 1184 2222 p.

165 2223 309 2273 trosaceo
321 2234 357 2289 p:
375 2235 455 2304 roseo
474 2236 496 2275 c.
569 2235 707 2290 perunges
725 2237 766 2290 cp.
838 2227 854 2276 3
874 2222 916 2275 tit.
930 2221 974 2275 Ad
988 2220 1133 2296 parotidas
1154 2239 1186 2278 c:

165 2321 269 2377 Contra
286 2323 429 2392 parotides
442 2341 472 2394 p.
546 2326 711 2394 tparotidc
729 2341 751 2380 c.
825 2331 905 2380 annia
924 2341 950 2382 c:
963 2305 1045 2394 vanitii
1058 2343 1090 2397 p.
1166 2334 1183 2384 o

164 2393 203 2447 sic
222 2409 248 2447 c:
266 2409 317 2448 mn.
332 2410 363 2462 ρ.
453 2395 620 2464 omnlignis
640 2413 666 2450 c:
692 2412 742 2451 orn.
756 2412 788 2466 p.
878 2413 949 2464 quas
968 2427 1002 2437 -
1020 2397 1184 2467 appellant:

164 2461 974 2592 ztntnttrtntttttn{factitarint
988 2468 1182 2594 *diiii*

163 2604 307 2658 tudinibus
325 2551 429 2675 frigida
446 2607 561 2676 potione
578 2554 1032 2677 presumpsenntgdl(cf1.''1³etr.qa
1047 2613 1112 2677 17),
1124 2557 1184 2678 {talu

164 2674 351 2744 egritudinem
373 2694 392 2731 a
413 2677 518 2747 frigida
539 2678 655 2748 potione
677 2681 856 2748 sumpserunt
872 2695 903 2748 p.
1012 2686 1028 2735 8
1051 2680 1124 2734 bone
1145 2688 1186 2750 pe

165 2747 209 2814 (in
227 2750 340 2816 marm:
368 2748 439 2803 bene
457 2749 504 2817 (be
518 2754 552 2819 p)
571 2766 611 2818 cp.
703 2755 719 2804 9
742 2750 925 2828 apparuerint
947 2767 973 2818 o,
997 2753 1135 2820 apparent
1148 2769 1183 2821 p.

164 2819 194 2872 at
211 2838 231 2884 c
249 2823 284 2872 cti
306 2818 417 2888 petenti
440 2819 536 2875 dolore
559 2822 588 2874 et
609 2820 709 2875 rubore
728 2821 854 2890 opetenti
872 2837 900 2891 c,
922 2824 1035 2876 etcum
1054 2823 1186 2892 ppetenti

163 2889 263 2944 rubore
278 2891 308 2944 et
319 2889 416 2945 dolore
426 2907 457 2960 p.
531 2897 565 2946 10
579 2908 669 2962 neque
678 2908 713 2961 p:
729 2893 759 2946 et
771 2909 862 2961 neque
877 2909 900 2948 c.
974 2897 1005 2945 11
1018 2894 1125 2962 nogant
1138 2909 1184 2962 op.

138 2973 139 2977 ’
164 2975 295 3028 sompnus
313 2960 445 3030 ipediunt
458 2979 497 3032 p,
521 2979 638 3032 sompno
659 2961 788 3032 ipadiant
810 2979 833 3017 c.
925 2968 957 3016 12
979 2963 1186 3018 contrarietate

163 3030 415 3171 dp
503 3033 1034 3174 rrrtnnnnnnnac
1138 3033 1185 3159 aa

163 3169 293 3240 parotida
312 3185 334 3224 o.
426 3177 459 3226 14
477 3173 562 3226 nullis
580 3190 607 3228 c:
625 3174 696 3228 nulii
714 3121 834 3244 (nnitp
853 3175 929 3244 (ullis
949 3175 1044 3244 Pon).
1130 3175 1184 3229 ad-

163 3240 273 3295 iutoriis
292 3257 307 3296 c
325 3241 440 3310 (Patr.)=
459 3242 573 3298 amaros
591 3244 653 3311 (aie)
668 3261 700 3314 p.
791 3245 1006 3315 precedentibus
1018 3261 1054 3314 cp
1067 3245 1184 3314 (Patr).

164 3311 285 3378 ofidetc.
310 3317 409 3379 6,1c.
453 3313 717 3384 Tamsapore
827 3322 860 3371 15
878 3317 928 3370 ad:
953 3318 987 3370 ut
1005 3332 1032 3385 c,
1055 3317 1085 3370 ct
1097 3317 1187 3386 p(et

166 3459 198 3508 1⁷
218 3453 413 3509 diaioreticum
432 3473 459 3524 c,
483 3459 613 3512 -tecum
631 3458 694 3525 (cic)
709 3473 740 3528 p.
845 3457 998 3528 argentatis
1017 3473 1040 3525 o,
1057 3457 1135 3513 -les
1148 3475 1185 3526 p.

163 3382 279 3438 altiores
301 3401 329 3452 p.
347 3401 375 3454 p.
398 3384 535 3440 irruentes
560 3385 655 3455 Pete).
695 3388 760 3455 fort.
783 3388 816 3440 ut
838 3387 883 3442 nd.
980 3393 1013 3441 16
1031 3387 1068 3441 ad
1086 3402 1137 3441 orn.
1158 3404 1184 3442 c.
1265 3395 1266 3402 ’
