<?xml version="1.0" encoding="UTF-8"?>
<!DOCTYPE html PUBLIC "-//W3C//DTD XHTML 1.0 Transitional//EN"
    "http://www.w3.org/TR/xhtml1/DTD/xhtml1-transitional.dtd">
<html xmlns="http://www.w3.org/1999/xhtml" xml:lang="en" lang="en">
 <head>
  <title>
</title>
<meta http-equiv="Content-Type" content="text/html;charset=utf-8" />
  <meta name='ocr-system' content='tesseract 3.04.00' />
  <meta name='ocr-capabilities' content='ocr_page ocr_carea ocr_par ocr_line ocrx_word'/>
</head>
<body>
  <div class='ocr_page' id='page_1' title='image "./cassiifelicisde00feligoog_0106.png"; bbox 0 0 2588 4028; ppageno 0'>
   <div class='ocr_carea' id='block_1_1' title="bbox 493 222 716 287">
    <p class='ocr_par' dir='ltr' id='par_1_1' title="bbox 493 222 716 287">
     <span class='ocr_line' id='line_1_1' title="bbox 493 222 716 287; baseline 0 -19"><span class='ocrx_word' id='word_1_1' title='bbox 493 222 716 287; x_wconf 73' lang='lat'><strong>„35-</strong></span> 
     </span>
    </p>
   </div>
   <div class='ocr_carea' id='block_1_2' title="bbox 15 366 1203 1686">
    <p class='ocr_par' dir='ltr' id='par_1_2' title="bbox 90 366 1154 1157">
     <span class='ocr_line' id='line_1_2' title="bbox 93 366 1112 448; baseline -0.001 -19"><span class='ocrx_word' id='word_1_2' title='bbox 93 368 178 429; x_wconf 93' lang='lat' dir='ltr'><strong>molli</strong></span> <span class='ocrx_word' id='word_1_3' title='bbox 204 386 302 448; x_wconf 90' lang='lat' dir='ltr'><strong>pruna</strong></span> <span class='ocrx_word' id='word_1_4' title='bbox 331 368 463 429; x_wconf 89' lang='lat' dir='ltr'><strong>resolves</strong></span> <span class='ocrx_word' id='word_1_5' title='bbox 485 376 516 430; x_wconf 91' lang='lat' dir='ltr'><strong>et</strong></span> <span class='ocrx_word' id='word_1_6' title='bbox 543 366 676 428; x_wconf 78' lang='lat' dir='ltr'>movebis</span> <span class='ocrx_word' id='word_1_7' title='bbox 704 366 798 428; x_wconf 87' lang='lat' dir='ltr'><strong>donee</strong></span> <span class='ocrx_word' id='word_1_8' title='bbox 821 366 1002 446; x_wconf 80' lang='lat' dir='ltr'>coaguletur.</span> <span class='ocrx_word' id='word_1_9' title='bbox 1039 375 1112 428; x_wconf 89' lang='lat' dir='ltr'><strong>tunc</strong></span> 
     </span>
     <span class='ocr_line' id='line_1_3' title="bbox 94 455 1112 536; baseline -0.001 -18"><span class='ocrx_word' id='word_1_10' title='bbox 94 475 186 518; x_wconf 89' lang='lat' dir='ltr'><strong>mann</strong></span> <span class='ocrx_word' id='word_1_11' title='bbox 220 457 362 518; x_wconf 74' lang='lat' dir='ltr'><strong>calefacta</strong></span> <span class='ocrx_word' id='word_1_12' title='bbox 392 473 580 536; x_wconf 80' lang='lat' dir='ltr'><strong>perungues,</strong></span> <span class='ocrx_word' id='word_1_13' title='bbox 612 463 643 516; x_wconf 89' lang='lat' dir='ltr'><strong>et</strong></span> <span class='ocrx_word' id='word_1_14' title='bbox 673 462 742 534; x_wconf 89' lang='lat' dir='ltr'><strong>post</strong></span> <span class='ocrx_word' id='word_1_15' title='bbox 772 457 998 534; x_wconf 86' lang='lat' dir='ltr'><strong>perunctionem</strong></span> <span class='ocrx_word' id='word_1_16' title='bbox 1030 455 1112 518; x_wconf 90' lang='lat' dir='ltr'><strong>molli</strong></span> 
     </span>
     <span class='ocr_line' id='line_1_4' title="bbox 92 541 1112 623; baseline 0 -17"><span class='ocrx_word' id='word_1_17' title='bbox 92 545 161 608; x_wconf 89' lang='lat' dir='ltr'><strong>lana</strong></span> <span class='ocrx_word' id='word_1_18' title='bbox 193 545 305 607; x_wconf 85' lang='lat' dir='ltr'><strong>tutahis</strong></span> <span class='ocrx_word' id='word_1_19' title='bbox 336 545 402 606; x_wconf 89' lang='lat' dir='ltr'><strong>loca</strong></span> <span class='ocrx_word' id='word_1_20' title='bbox 434 553 465 606; x_wconf 90' lang='lat' dir='ltr'><strong>et</strong></span> <span class='ocrx_word' id='word_1_21' title='bbox 496 541 642 606; x_wconf 82' lang='lat' dir='ltr'><strong>iasciabis.</strong></span> <span class='ocrx_word' id='word_1_22' title='bbox 689 543 742 604; x_wconf 91' lang='lat' dir='ltr'><strong>sed</strong></span> <span class='ocrx_word' id='word_1_23' title='bbox 770 551 889 623; x_wconf 79' lang='lat' dir='ltr'>oportet</span> <span class='ocrx_word' id='word_1_24' title='bbox 918 545 1015 623; x_wconf 93' lang='lat' dir='ltr'><strong>primo</strong></span> <span class='ocrx_word' id='word_1_25' title='bbox 1047 543 1112 606; x_wconf 87' lang='lat' dir='ltr'><strong>loca</strong></span> 
     </span>
     <span class='ocr_line' id='line_1_5' title="bbox 93 631 1110 713; baseline 0 -19"><span class='ocrx_word' id='word_1_26' title='bbox 93 633 227 696; x_wconf 77' lang='lat' dir='ltr'>dolentia</span> <span class='ocrx_word' id='word_1_27' title='bbox 250 633 340 696; x_wconf 91' lang='lat' dir='ltr'><strong>simul</strong></span> <span class='ocrx_word' id='word_1_28' title='bbox 362 651 432 694; x_wconf 92' lang='lat' dir='ltr'><strong>cum</strong></span> <span class='ocrx_word' id='word_1_29' title='bbox 454 635 540 713; x_wconf 92' lang='lat' dir='ltr'><strong>spina</strong></span> <span class='ocrx_word' id='word_1_30' title='bbox 562 631 680 694; x_wconf 77' lang='lat' dir='ltr'><strong>sacerdo</strong></span> <span class='ocrx_word' id='word_1_31' title='bbox 703 631 798 693; x_wconf 86' lang='lat' dir='ltr'><strong>calido</strong></span> <span class='ocrx_word' id='word_1_32' title='bbox 819 649 960 712; x_wconf 74' lang='lat' dir='ltr'><strong>vaporare</strong></span> <span class='ocrx_word' id='word_1_33' title='bbox 983 651 1020 694; x_wconf 83' lang='lat' dir='ltr'><strong>ex</strong></span> <span class='ocrx_word' id='word_1_34' title='bbox 1042 650 1110 694; x_wconf 86' lang='lat' dir='ltr'><strong>can·</strong></span> 
     </span>
     <span class='ocr_line' id='line_1_6' title="bbox 92 719 1154 784; baseline 0 0"><span class='ocrx_word' id='word_1_35' title='bbox 92 722 182 784; x_wconf 88' lang='lat' dir='ltr'><strong>tabro</strong></span> <span class='ocrx_word' id='word_1_36' title='bbox 214 722 261 783; x_wconf 86' lang='lat' dir='ltr'><strong>vel</strong></span> <span class='ocrx_word' id='word_1_37' title='bbox 296 723 389 784; x_wconf 91' lang='lat' dir='ltr'><strong>tritici</strong></span> <span class='ocrx_word' id='word_1_38' title='bbox 425 723 519 783; x_wconf 85' lang='lat' dir='ltr'><strong>larina</strong></span> <span class='ocrx_word' id='word_1_39' title='bbox 548 722 684 782; x_wconf 87' lang='lat' dir='ltr'><strong>conlecto</strong></span> <span class='ocrx_word' id='word_1_40' title='bbox 717 730 748 782; x_wconf 87' lang='lat' dir='ltr'><strong>et</strong></span> <span class='ocrx_word' id='word_1_41' title='bbox 780 719 922 782; x_wconf 86' lang='lat' dir='ltr'><strong>sudorem</strong></span> <span class='ocrx_word' id='word_1_42' title='bbox 954 723 1113 784; x_wconf 86' lang='lat' dir='ltr'><strong>excitatum</strong></span> <span class='ocrx_word' id='word_1_43' title='bbox 1140 733 1154 775; x_wconf 79' lang='lat'><strong>5</strong></span> 
     </span>
     <span class='ocr_line' id='line_1_7' title="bbox 92 808 1113 890; baseline -0.001 -18"><span class='ocrx_word' id='word_1_44' title='bbox 92 813 183 872; x_wconf 90' lang='lat' dir='ltr'><strong>tenui</strong></span> <span class='ocrx_word' id='word_1_45' title='bbox 211 819 242 872; x_wconf 86' lang='lat' dir='ltr'><strong>et</strong></span> <span class='ocrx_word' id='word_1_46' title='bbox 268 809 410 874; x_wconf 82' lang='lat' dir='ltr'><strong>calefacto</strong></span> <span class='ocrx_word' id='word_1_47' title='bbox 439 808 559 872; x_wconf 91' lang='lat' dir='ltr'><strong>linteolo</strong></span> <span class='ocrx_word' id='word_1_48' title='bbox 587 809 758 890; x_wconf 81' lang='lat' dir='ltr'><strong>detergere,</strong></span> <span class='ocrx_word' id='word_1_49' title='bbox 784 817 816 871; x_wconf 91' lang='lat' dir='ltr'><strong>et</strong></span> <span class='ocrx_word' id='word_1_50' title='bbox 842 811 887 870; x_wconf 89' lang='lat' dir='ltr'><strong>sic</strong></span> <span class='ocrx_word' id='word_1_51' title='bbox 915 827 1006 888; x_wconf 85' lang='lat' dir='ltr'><strong>supra</strong></span> <span class='ocrx_word' id='word_1_52' title='bbox 1034 808 1113 872; x_wconf 89' lang='lat' dir='ltr'><strong>dicto</strong></span> 
     </span>
     <span class='ocr_line' id='line_1_8' title="bbox 90 897 1115 979; baseline -0.002 -19"><span class='ocrx_word' id='word_1_53' title='bbox 90 899 315 961; x_wconf 87' lang='lat' dir='ltr'><strong>medicamento</strong></span> <span class='ocrx_word' id='word_1_54' title='bbox 345 917 543 979; x_wconf 80' lang='lat' dir='ltr'>perunguere.</span> <span class='ocrx_word' id='word_1_55' title='bbox 589 897 720 960; x_wconf 90' lang='lat' dir='ltr'><strong>dandum</strong></span> <span class='ocrx_word' id='word_1_56' title='bbox 751 900 841 960; x_wconf 89' lang='lat' dir='ltr'><strong>etiam</strong></span> <span class='ocrx_word' id='word_1_57' title='bbox 872 899 905 958; x_wconf 92' lang='lat' dir='ltr'><strong>in</strong></span> <span class='ocrx_word' id='word_1_58' title='bbox 934 900 1056 977; x_wconf 92' lang='lat' dir='ltr'><strong>potione</strong></span> <span class='ocrx_word' id='word_1_59' title='bbox 1085 907 1115 958; x_wconf 86' lang='lat' dir='ltr'><strong>ot</strong></span> 
     </span>
     <span class='ocr_line' id='line_1_9' title="bbox 93 985 1113 1068; baseline -0.001 -19"><span class='ocrx_word' id='word_1_60' title='bbox 93 997 267 1049; x_wconf 86' lang='lat' dir='ltr'><strong>castoreum</strong></span> <span class='ocrx_word' id='word_1_61' title='bbox 301 995 387 1048; x_wconf 86' lang='lat' dir='ltr'><strong>rutae</strong></span> <span class='ocrx_word' id='word_1_62' title='bbox 418 987 495 1048; x_wconf 86' lang='lat' dir='ltr'><strong>soliis</strong></span> <span class='ocrx_word' id='word_1_63' title='bbox 528 987 692 1048; x_wconf 84' lang='lat' dir='ltr'><strong>admixtum</strong></span> <span class='ocrx_word' id='word_1_64' title='bbox 723 995 774 1048; x_wconf 90' lang='lat' dir='ltr'><strong>aut</strong></span> <span class='ocrx_word' id='word_1_65' title='bbox 806 988 986 1068; x_wconf 77' lang='lat' dir='ltr'><strong>opopanacis</strong></span> <span class='ocrx_word' id='word_1_66' title='bbox 1018 985 1113 1048; x_wconf 79' lang='lat' dir='ltr'><strong>obolis</strong></span> 
     </span>
     <span class='ocr_line' id='line_1_10' title="bbox 94 1074 1114 1157; baseline -0.001 -20"><span class='ocrx_word' id='word_1_67' title='bbox 94 1075 216 1138; x_wconf 86' lang='lat' dir='ltr'><strong>duobus</strong></span> <span class='ocrx_word' id='word_1_68' title='bbox 248 1075 278 1136; x_wconf 94' lang='lat' dir='ltr'><strong>id</strong></span> <span class='ocrx_word' id='word_1_69' title='bbox 311 1085 357 1137; x_wconf 88' lang='lat' dir='ltr'><strong>est</strong></span> <span class='ocrx_word' id='word_1_70' title='bbox 386 1075 517 1156; x_wconf 86' lang='lat' dir='ltr'><strong>scripulo</strong></span> <span class='ocrx_word' id='word_1_71' title='bbox 546 1095 621 1157; x_wconf 90' lang='lat' dir='ltr'><strong>uno,</strong></span> <span class='ocrx_word' id='word_1_72' title='bbox 653 1075 700 1136; x_wconf 84' lang='lat' dir='ltr'><strong>vel</strong></span> <span class='ocrx_word' id='word_1_73' title='bbox 731 1078 841 1137; x_wconf 90' lang='lat' dir='ltr'><strong>ceteris</strong></span> <span class='ocrx_word' id='word_1_74' title='bbox 872 1074 1045 1156; x_wconf 82' lang='lat' dir='ltr'><strong>potionibus</strong></span> <span class='ocrx_word' id='word_1_75' title='bbox 1076 1093 1114 1136; x_wconf 82' lang='lat' dir='ltr'><strong>ex</strong></span> 
     </span>
    </p>

    <p class='ocr_par' dir='ltr' id='par_1_3' title="bbox 15 1163 1203 1686">
     <span class='ocr_line' id='line_1_11' title="bbox 15 1163 1154 1248; baseline -0.002 -22"><span class='ocrx_word' id='word_1_76' title='bbox 15 1175 17 1248; x_wconf 55' lang='lat' dir='ltr'>g</span> <span class='ocrx_word' id='word_1_77' title='bbox 95 1172 234 1226; x_wconf 89' lang='lat' dir='ltr'><strong>castoreo</strong></span> <span class='ocrx_word' id='word_1_78' title='bbox 254 1165 397 1226; x_wconf 86' lang='lat' dir='ltr'><strong>coniectis</strong></span> <span class='ocrx_word' id='word_1_79' title='bbox 416 1165 532 1226; x_wconf 87' lang='lat' dir='ltr'><strong>diurnis</strong></span> <span class='ocrx_word' id='word_1_80' title='bbox 548 1164 656 1226; x_wconf 91' lang='lat' dir='ltr'><strong>diebus</strong></span> <span class='ocrx_word' id='word_1_81' title='bbox 674 1166 720 1225; x_wconf 94' lang='lat' dir='ltr'><strong>uti</strong></span> <span class='ocrx_word' id='word_1_82' title='bbox 738 1171 865 1244; x_wconf 83' lang='lat' dir='ltr'><strong>oportet.</strong></span> <span class='ocrx_word' id='word_1_83' title='bbox 906 1163 1113 1226; x_wconf 77' lang='lat' dir='ltr'><strong>declinationis</strong></span> <span class='ocrx_word' id='word_1_84' title='bbox 1128 1179 1154 1218; x_wconf 85' lang='grc' dir='ltr'><strong>ιο</strong></span> 
     </span>
     <span class='ocr_line' id='line_1_12' title="bbox 93 1252 1113 1333; baseline 0 -19"><span class='ocrx_word' id='word_1_85' title='bbox 93 1263 233 1333; x_wconf 86' lang='lat' dir='ltr'><strong>tempore</strong></span> <span class='ocrx_word' id='word_1_86' title='bbox 264 1255 352 1314; x_wconf 90' lang='lat' dir='ltr'><strong>etiam</strong></span> <span class='ocrx_word' id='word_1_87' title='bbox 375 1263 406 1314; x_wconf 93' lang='lat' dir='ltr'><strong>et</strong></span> <span class='ocrx_word' id='word_1_88' title='bbox 428 1255 609 1316; x_wconf 88' lang='lat' dir='ltr'><strong>cerotarium</strong></span> <span class='ocrx_word' id='word_1_89' title='bbox 632 1272 669 1314; x_wconf 84' lang='lat' dir='ltr'><strong>ex</strong></span> <span class='ocrx_word' id='word_1_90' title='bbox 696 1252 848 1332; x_wconf 82' lang='lat' dir='ltr'><strong>disquilon</strong></span> <span class='ocrx_word' id='word_1_91' title='bbox 871 1253 1041 1314; x_wconf 87' lang='lat' dir='ltr'><strong>conlectum</strong></span> <span class='ocrx_word' id='word_1_92' title='bbox 1063 1271 1113 1332; x_wconf 93' lang='lat' dir='ltr'><strong>ap·</strong></span> 
     </span>
     <span class='ocr_line' id='line_1_13' title="bbox 95 1340 1114 1423; baseline 0 -21"><span class='ocrx_word' id='word_1_93' title='bbox 95 1359 201 1422; x_wconf 90' lang='lat' dir='ltr'><strong>pones.</strong></span> <span class='ocrx_word' id='word_1_94' title='bbox 239 1352 270 1403; x_wconf 89' lang='lat' dir='ltr'><strong>et</strong></span> <span class='ocrx_word' id='word_1_95' title='bbox 292 1342 448 1403; x_wconf 86' lang='lat' dir='ltr'><strong>coniicitur</strong></span> <span class='ocrx_word' id='word_1_96' title='bbox 471 1344 523 1403; x_wconf 91' lang='lat' dir='ltr'><strong>sic.</strong></span> <span class='ocrx_word' id='word_1_97' title='bbox 565 1361 667 1423; x_wconf 86' lang='lat' dir='ltr'><strong>cerae,</strong></span> <span class='ocrx_word' id='word_1_98' title='bbox 694 1341 789 1421; x_wconf 83' lang='lat' dir='ltr'><strong>adipis</strong></span> <span class='ocrx_word' id='word_1_99' title='bbox 815 1342 933 1421; x_wconf 91' lang='lat' dir='ltr'><strong>porcini</strong></span> <span class='ocrx_word' id='word_1_100' title='bbox 955 1342 1020 1402; x_wconf 88' lang='lat' dir='ltr'><strong>sine</strong></span> <span class='ocrx_word' id='word_1_101' title='bbox 1044 1340 1114 1414; x_wconf 86' lang='lat' dir='ltr'><strong>sale,</strong></span> 
     </span>
     <span class='ocr_line' id='line_1_14' title="bbox 93 1428 1113 1511; baseline -0.002 -19"><span class='ocrx_word' id='word_1_102' title='bbox 93 1429 249 1510; x_wconf 86' lang='lat' dir='ltr'><strong>diaquilon</strong></span> <span class='ocrx_word' id='word_1_103' title='bbox 276 1430 497 1511; x_wconf 78' lang='lat' dir='ltr'><strong>medicamenti,</strong></span> <span class='ocrx_word' id='word_1_104' title='bbox 530 1433 663 1492; x_wconf 91' lang='lat' dir='ltr'><strong>omnium</strong></span> <span class='ocrx_word' id='word_1_105' title='bbox 689 1431 782 1492; x_wconf 86' lang='lat' dir='ltr'><strong>trium</strong></span> <span class='ocrx_word' id='word_1_106' title='bbox 809 1431 892 1509; x_wconf 88' lang='lat' dir='ltr'><strong>paria</strong></span> <span class='ocrx_word' id='word_1_107' title='bbox 920 1428 1053 1510; x_wconf 88' lang='lat' dir='ltr'><strong>pondera</strong></span> <span class='ocrx_word' id='word_1_108' title='bbox 1081 1431 1113 1490; x_wconf 92' lang='lat' dir='ltr'><strong>in</strong></span> 
     </span>
     <span class='ocr_line' id='line_1_15' title="bbox 92 1516 1203 1600; baseline 0.002 -20"><span class='ocrx_word' id='word_1_109' title='bbox 92 1537 157 1580; x_wconf 91' lang='lat' dir='ltr'><strong>uno</strong></span> <span class='ocrx_word' id='word_1_110' title='bbox 186 1518 341 1580; x_wconf 85' lang='lat' dir='ltr'><strong>consolves</strong></span> <span class='ocrx_word' id='word_1_111' title='bbox 368 1518 450 1582; x_wconf 88' lang='lat' dir='ltr'><strong>lento</strong></span> <span class='ocrx_word' id='word_1_112' title='bbox 472 1535 596 1600; x_wconf 84' lang='lat' dir='ltr'><strong>vapore,</strong></span> <span class='ocrx_word' id='word_1_113' title='bbox 626 1527 657 1578; x_wconf 89' lang='lat' dir='ltr'><strong>et</strong></span> <span class='ocrx_word' id='word_1_114' title='bbox 679 1516 716 1578; x_wconf 84' lang='lat' dir='ltr'><strong>ab</strong></span> <span class='ocrx_word' id='word_1_115' title='bbox 738 1520 807 1596; x_wconf 79' lang='lat' dir='ltr'><strong>igne</strong></span> <span class='ocrx_word' id='word_1_116' title='bbox 827 1516 833 1592; x_wconf 83' lang='lat' dir='ltr'><strong>l</strong></span> <span class='ocrx_word' id='word_1_117' title='bbox 852 1517 940 1580; x_wconf 91' lang='lat' dir='ltr'><strong>tolles</strong></span> <span class='ocrx_word' id='word_1_118' title='bbox 962 1526 993 1579; x_wconf 91' lang='lat' dir='ltr'><strong>et</strong></span> <span class='ocrx_word' id='word_1_119' title='bbox 1014 1535 1147 1582; x_wconf 78' lang='lat' dir='ltr'><strong>move-r·</strong></span> <span class='ocrx_word' id='word_1_120' title='bbox 1163 1531 1203 1571; x_wconf 78' lang='lat'><strong>1⁹2</strong></span> 
     </span>
     <span class='ocr_line' id='line_1_16' title="bbox 94 1600 1153 1686; baseline -0.008 -18"><span class='ocrx_word' id='word_1_121' title='bbox 94 1608 144 1668; x_wconf 87' lang='lat' dir='ltr'><strong>bis</strong></span> <span class='ocrx_word' id='word_1_122' title='bbox 168 1607 263 1670; x_wconf 91' lang='lat' dir='ltr'><strong>donec</strong></span> <span class='ocrx_word' id='word_1_123' title='bbox 287 1606 469 1686; x_wconf 78' lang='lat' dir='ltr'><strong>coaguletur.</strong></span> <span class='ocrx_word' id='word_1_124' title='bbox 506 1605 614 1667; x_wconf 87' lang='lat' dir='ltr'><strong>dehinc</strong></span> <span class='ocrx_word' id='word_1_125' title='bbox 637 1605 725 1666; x_wconf 89' lang='lat' dir='ltr'><strong>rades</strong></span> <span class='ocrx_word' id='word_1_126' title='bbox 748 1613 778 1666; x_wconf 91' lang='lat' dir='ltr'><strong>et</strong></span> <span class='ocrx_word' id='word_1_127' title='bbox 799 1606 904 1666; x_wconf 87' lang='lat' dir='ltr'><strong>uteris.</strong></span> <span class='ocrx_word' id='word_1_128' title='bbox 922 1601 932 1685; x_wconf 68' lang='lat' dir='ltr'><strong>tl</strong></span> <span class='ocrx_word' id='word_1_129' title='bbox 1013 1600 1020 1612; x_wconf 73' lang='grc'><strong>“</strong></span> <span class='ocrx_word' id='word_1_130' title='bbox 1128 1620 1153 1659; x_wconf 75' lang='lat' dir='ltr'><strong>ss</strong></span> 
     </span>
    </p>
   </div>
   <div class='ocr_carea' id='block_1_3' title="bbox 349 1764 1220 1844">
    <p class='ocr_par' dir='ltr' id='par_1_4' title="bbox 349 1764 1220 1844">
     <span class='ocr_line' id='line_1_17' title="bbox 349 1764 1220 1844; baseline -0.01 -16"><span class='ocrx_word' id='word_1_131' title='bbox 349 1765 520 1828; x_wconf 86' lang='lat' dir='ltr'><strong>XXXVllll.</strong></span> <span class='ocrx_word' id='word_1_132' title='bbox 557 1764 605 1826; x_wconf 83' lang='lat' dir='ltr'><strong>td</strong></span> <span class='ocrx_word' id='word_1_133' title='bbox 629 1765 859 1844; x_wconf 84' lang='lat' dir='ltr'><strong>emoptyicos.</strong></span> <span class='ocrx_word' id='word_1_134' title='bbox 1123 1777 1160 1829; x_wconf 71' lang='grc' dir='ltr'><strong>(ρ.</strong></span> <span class='ocrx_word' id='word_1_135' title='bbox 1171 1778 1220 1828; x_wconf 79' lang='lat'><strong>172)</strong></span> 
     </span>
    </p>
   </div>
   <div class='ocr_carea' id='block_1_4' title="bbox 90 1887 1154 2240">
    <p class='ocr_par' dir='ltr' id='par_1_5' title="bbox 90 1887 1154 2240">
     <span class='ocr_line' id='line_1_18' title="bbox 185 1887 1114 1971; baseline -0.001 -20"><span class='ocrx_word' id='word_1_136' title='bbox 185 1891 376 1971; x_wconf 80' lang='lat' dir='ltr'><strong>Emoptyicos</strong></span> <span class='ocrx_word' id='word_1_137' title='bbox 390 1888 487 1951; x_wconf 89' lang='lat' dir='ltr'><strong>Latini</strong></span> <span class='ocrx_word' id='word_1_138' title='bbox 502 1892 676 1969; x_wconf 83' lang='lat' dir='ltr'><strong>sanguinem</strong></span> <span class='ocrx_word' id='word_1_139' title='bbox 691 1897 833 1968; x_wconf 86' lang='lat' dir='ltr'><strong>spuentes</strong></span> <span class='ocrx_word' id='word_1_140' title='bbox 848 1887 1005 1968; x_wconf 90' lang='lat' dir='ltr'><strong>appellant.</strong></span> <span class='ocrx_word' id='word_1_141' title='bbox 1038 1907 1114 1969; x_wconf 91' lang='lat' dir='ltr'><strong>quos</strong></span> 
     </span>
     <span class='ocr_line' id='line_1_19' title="bbox 95 1979 1113 2059; baseline -0.004 -17"><span class='ocrx_word' id='word_1_142' title='bbox 95 1989 199 2042; x_wconf 89' lang='lat' dir='ltr'><strong>autem</strong></span> <span class='ocrx_word' id='word_1_143' title='bbox 230 1982 262 2040; x_wconf 93' lang='lat' dir='ltr'><strong>in</strong></span> <span class='ocrx_word' id='word_1_144' title='bbox 290 1981 427 2059; x_wconf 88' lang='lat' dir='ltr'><strong>passione</strong></span> <span class='ocrx_word' id='word_1_145' title='bbox 456 1981 649 2058; x_wconf 88' lang='lat' dir='ltr'><strong>constitutos,</strong></span> <span class='ocrx_word' id='word_1_146' title='bbox 683 1979 709 2038; x_wconf 94' lang='lat' dir='ltr'><strong>si</strong></span> <span class='ocrx_word' id='word_1_147' title='bbox 741 1979 818 2038; x_wconf 83' lang='lat' dir='ltr'><strong>forte</strong></span> <span class='ocrx_word' id='word_1_148' title='bbox 852 1995 888 2038; x_wconf 89' lang='lat' dir='ltr'><strong>ex</strong></span> <span class='ocrx_word' id='word_1_149' title='bbox 920 1979 1113 2058; x_wconf 90' lang='lat' dir='ltr'><strong>respiratorio</strong></span> 
     </span>
     <span class='ocr_line' id='line_1_20' title="bbox 90 2066 1114 2148; baseline -0.005 -17"><span class='ocrx_word' id='word_1_150' title='bbox 90 2074 320 2132; x_wconf 79' lang='lat' dir='ltr'><strong>interaneorum</strong></span> <span class='ocrx_word' id='word_1_151' title='bbox 338 2067 487 2148; x_wconf 84' lang='lat' dir='ltr'><strong>membro,</strong></span> <span class='ocrx_word' id='word_1_152' title='bbox 511 2067 590 2146; x_wconf 89' lang='lat' dir='ltr'><strong>quod</strong></span> <span class='ocrx_word' id='word_1_153' title='bbox 610 2066 715 2126; x_wconf 88' lang='lat' dir='ltr'><strong>Graeci</strong></span> <span class='ocrx_word' id='word_1_154' title='bbox 738 2068 974 2145; x_wconf 86' lang='lat' dir='ltr'><strong>anapncusticon</strong></span> <span class='ocrx_word' id='word_1_155' title='bbox 997 2069 1114 2127; x_wconf 90' lang='lat' dir='ltr'><strong>morion</strong></span> 
     </span>
     <span class='ocr_line' id='line_1_21' title="bbox 91 2153 1154 2240; baseline -0.011 -21"><span class='ocrx_word' id='word_1_156' title='bbox 91 2166 216 2240; x_wconf 84' lang='lat' dir='ltr'><strong>vocant,</strong></span> <span class='ocrx_word' id='word_1_157' title='bbox 251 2158 403 2236; x_wconf 82' lang='lat' dir='ltr'><strong>sanguinis</strong></span> <span class='ocrx_word' id='word_1_158' title='bbox 434 2156 525 2217; x_wconf 88' lang='lat' dir='ltr'><strong>luerit</strong></span> <span class='ocrx_word' id='word_1_159' title='bbox 554 2155 645 2234; x_wconf 87' lang='lat' dir='ltr'><strong>liuor,</strong></span> <span class='ocrx_word' id='word_1_160' title='bbox 682 2157 819 2232; x_wconf 86' lang='lat' dir='ltr'><strong>sequitur</strong></span> <span class='ocrx_word' id='word_1_161' title='bbox 852 2154 995 2214; x_wconf 89' lang='lat' dir='ltr'><strong>tussicula</strong></span> <span class='ocrx_word' id='word_1_162' title='bbox 1026 2153 1112 2214; x_wconf 84' lang='lat' dir='ltr'><strong>vehe-</strong></span> <span class='ocrx_word' id='word_1_163' title='bbox 1127 2169 1154 2208; x_wconf 82' lang='lat' dir='ltr'><strong>so</strong></span> 
     </span>
    </p>
   </div>
   <div class='ocr_carea' id='block_1_5' title="bbox 168 2322 1113 2448">
    <p class='ocr_par' dir='ltr' id='par_1_6' title="bbox 168 2322 1113 2448">
     <span class='ocr_line' id='line_1_22' title="bbox 168 2322 1113 2448; baseline -0.002 -66"><span class='ocrx_word' id='word_1_164' title='bbox 168 2336 183 2382; x_wconf 96' lang='lat'>1</span> <span class='ocrx_word' id='word_1_165' title='bbox 203 2342 324 2398; x_wconf 73' lang='lat' dir='ltr'><strong>prunay</strong></span> <span class='ocrx_word' id='word_1_166' title='bbox 342 2327 390 2395; x_wconf 83' lang='lat' dir='ltr'><strong>(ed</strong></span> <span class='ocrx_word' id='word_1_167' title='bbox 404 2341 507 2394; x_wconf 81' lang='lat' dir='ltr'><strong>prunas</strong></span> <span class='ocrx_word' id='word_1_168' title='bbox 525 2324 623 2390; x_wconf 85' lang='lat' dir='ltr'><strong>Petr.):</strong></span> <span class='ocrx_word' id='word_1_169' title='bbox 639 2323 736 2448; x_wconf 63' lang='lat' dir='ltr'><strong>pomo</strong></span> <span class='ocrx_word' id='word_1_170' title='bbox 753 2340 794 2392; x_wconf 79' lang='lat' dir='ltr'><strong>cp.</strong></span> <span class='ocrx_word' id='word_1_171' title='bbox 872 2322 1036 2394; x_wconf 77' lang='lat' dir='ltr'><strong>congeletur</strong></span> <span class='ocrx_word' id='word_1_172' title='bbox 1053 2339 1113 2394; x_wconf 79' lang='lat' dir='ltr'><strong>pop.</strong></span> 
     </span>
    </p>
   </div>
   <div class='ocr_carea' id='block_1_6' title="bbox 90 2393 1114 3107">
    <p class='ocr_par' dir='ltr' id='par_1_7' title="bbox 90 2393 1114 3107">
     <span class='ocr_line' id='line_1_23' title="bbox 91 2393 1113 2468; baseline -0.006 -12"><span class='ocrx_word' id='word_1_173' title='bbox 91 2408 108 2456; x_wconf 84' lang='grc'>3</span> <span class='ocrx_word' id='word_1_174' title='bbox 128 2400 238 2456; x_wconf 81' lang='lat' dir='ltr'><strong>tutabis</strong></span> <span class='ocrx_word' id='word_1_175' title='bbox 255 2415 300 2468; x_wconf 78' lang='lat' dir='ltr'><strong>po:</strong></span> <span class='ocrx_word' id='word_1_176' title='bbox 319 2396 434 2452; x_wconf 75' lang='lat' dir='ltr'><strong>iubebis</strong></span> <span class='ocrx_word' id='word_1_177' title='bbox 447 2413 478 2466; x_wconf 79' lang='lat' dir='ltr'><strong>p.</strong></span> <span class='ocrx_word' id='word_1_178' title='bbox 569 2399 638 2448; x_wconf 82' lang='lat' dir='ltr'><strong>osu</strong></span> <span class='ocrx_word' id='word_1_179' title='bbox 658 2411 706 2450; x_wconf 89' lang='lat' dir='ltr'><strong>ore</strong></span> <span class='ocrx_word' id='word_1_180' title='bbox 729 2394 852 2450; x_wconf 80' lang='lat' dir='ltr'><strong>excitato</strong></span> <span class='ocrx_word' id='word_1_181' title='bbox 870 2411 893 2449; x_wconf 88' lang='lat' dir='ltr'><strong>c.</strong></span> <span class='ocrx_word' id='word_1_182' title='bbox 984 2401 1000 2451; x_wconf 88' lang='grc'><strong>6</strong></span> <span class='ocrx_word' id='word_1_183' title='bbox 1020 2393 1113 2450; x_wconf 79' lang='lat' dir='ltr'><strong>calido</strong></span> 
     </span>
     <span class='ocr_line' id='line_1_24' title="bbox 91 2464 1113 2542; baseline -0.004 -16"><span class='ocrx_word' id='word_1_184' title='bbox 91 2477 193 2542; x_wconf 82' lang='lat' dir='ltr'><strong>(morp.</strong></span> <span class='ocrx_word' id='word_1_185' title='bbox 208 2487 220 2524; x_wconf 89' lang='lat'>1</span> <span class='ocrx_word' id='word_1_186' title='bbox 234 2465 252 2524; x_wconf 68' lang='lat' dir='ltr'><strong>a</strong></span> <span class='ocrx_word' id='word_1_187' title='bbox 267 2467 384 2538; x_wconf 59' lang='lat' dir='ltr'><strong>saleim)</strong></span> <span class='ocrx_word' id='word_1_188' title='bbox 390 2484 421 2537; x_wconf 82' lang='lat' dir='ltr'><strong>p.</strong></span> <span class='ocrx_word' id='word_1_189' title='bbox 494 2467 639 2536; x_wconf 78' lang='lat' dir='ltr'><strong>detergere</strong></span> <span class='ocrx_word' id='word_1_190' title='bbox 647 2483 697 2538; x_wconf 81' lang='lat' dir='ltr'><strong>pp:</strong></span> <span class='ocrx_word' id='word_1_191' title='bbox 711 2464 849 2521; x_wconf 82' lang='lat' dir='ltr'><strong>exsticere</strong></span> <span class='ocrx_word' id='word_1_192' title='bbox 859 2467 889 2532; x_wconf 83' lang='lat' dir='ltr'><strong>(a&#39;.</strong></span> <span class='ocrx_word' id='word_1_193' title='bbox 899 2482 920 2522; x_wconf 83' lang='lat' dir='ltr'><strong>e.</strong></span> <span class='ocrx_word' id='word_1_194' title='bbox 932 2465 1081 2537; x_wconf 84' lang='lat' dir='ltr'><strong>exsiccare)</strong></span> <span class='ocrx_word' id='word_1_195' title='bbox 1091 2483 1113 2522; x_wconf 87' lang='lat' dir='ltr'><strong>c.</strong></span> 
     </span>
     <span class='ocr_line' id='line_1_25' title="bbox 91 2536 1112 2610; baseline -0.005 -13"><span class='ocrx_word' id='word_1_196' title='bbox 91 2551 108 2600; x_wconf 86' lang='lat'>8</span> <span class='ocrx_word' id='word_1_197' title='bbox 119 2543 169 2610; x_wconf 84' lang='lat' dir='ltr'><strong>o(a</strong></span> <span class='ocrx_word' id='word_1_198' title='bbox 176 2538 384 2610; x_wconf 73' lang='lat' dir='ltr'><strong>cplpopanacis:</strong></span> <span class='ocrx_word' id='word_1_199' title='bbox 395 2539 436 2594; x_wconf 82' lang='lat' dir='ltr'><strong>sic</strong></span> <span class='ocrx_word' id='word_1_200' title='bbox 443 2555 502 2610; x_wconf 80' lang='lat' dir='ltr'><strong>pop.</strong></span> <span class='ocrx_word' id='word_1_201' title='bbox 558 2537 654 2594; x_wconf 89' lang='lat' dir='ltr'><strong>obolos</strong></span> <span class='ocrx_word' id='word_1_202' title='bbox 664 2537 734 2592; x_wconf 89' lang='lat' dir='ltr'><strong>duos</strong></span> <span class='ocrx_word' id='word_1_203' title='bbox 743 2553 769 2606; x_wconf 79' lang='lat' dir='ltr'><strong>p,</strong></span> <span class='ocrx_word' id='word_1_204' title='bbox 779 2536 853 2592; x_wconf 86' lang='lat' dir='ltr'><strong>obol&#39;</strong></span> <span class='ocrx_word' id='word_1_205' title='bbox 862 2537 889 2592; x_wconf 89' lang='lat'><strong>11</strong></span> <span class='ocrx_word' id='word_1_206' title='bbox 898 2554 921 2606; x_wconf 90' lang='lat' dir='ltr'><strong>c,</strong></span> <span class='ocrx_word' id='word_1_207' title='bbox 932 2537 1010 2593; x_wconf 86' lang='lat' dir='ltr'><strong>obuli</strong></span> <span class='ocrx_word' id='word_1_208' title='bbox 1020 2537 1075 2592; x_wconf 89' lang='lat' dir='ltr'><strong>dno</strong></span> <span class='ocrx_word' id='word_1_209' title='bbox 1081 2554 1112 2607; x_wconf 76' lang='lat' dir='ltr'><strong>p.</strong></span> 
     </span>
     <span class='ocr_line' id='line_1_26' title="bbox 91 2609 1113 2692; baseline -0.004 -24"><span class='ocrx_word' id='word_1_210' title='bbox 91 2610 475 2680; x_wconf 60' lang='lat' dir='ltr'><strong>eidestpzveloetp.</strong></span> <span class='ocrx_word' id='word_1_211' title='bbox 548 2613 876 2692; x_wconf 74' lang='lat' dir='ltr'><strong>scr‘p‘9‚scn‘p‘c,3p.</strong></span> <span class='ocrx_word' id='word_1_212' title='bbox 962 2609 1113 2678; x_wconf 81' lang='lat' dir='ltr'><strong>nno(eie)=</strong></span> 
     </span>
     <span class='ocr_line' id='line_1_27' title="bbox 91 2677 1114 2753; baseline -0.006 -13"><span class='ocrx_word' id='word_1_213' title='bbox 91 2702 183 2740; x_wconf 90' lang='lat' dir='ltr'><strong>unum</strong></span> <span class='ocrx_word' id='word_1_214' title='bbox 200 2699 227 2753; x_wconf 81' lang='lat' dir='ltr'><strong>p,</strong></span> <span class='ocrx_word' id='word_1_215' title='bbox 246 2682 260 2734; x_wconf 94' lang='grc' dir='ltr'><strong>Ι</strong></span> <span class='ocrx_word' id='word_1_216' title='bbox 278 2698 319 2750; x_wconf 82' lang='lat' dir='ltr'><strong>ep.</strong></span> <span class='ocrx_word' id='word_1_217' title='bbox 428 2679 528 2736; x_wconf 82' lang='lat' dir='ltr'><strong>ceteris</strong></span> <span class='ocrx_word' id='word_1_218' title='bbox 548 2677 710 2750; x_wconf 78' lang='lat' dir='ltr'><strong>potronibus</strong></span> <span class='ocrx_word' id='word_1_219' title='bbox 724 2723 732 2738; x_wconf 91' lang='lat'>.</span> <span class='ocrx_word' id='word_1_220' title='bbox 747 2723 754 2736; x_wconf 94' lang='lat'><em>.</em></span> <span class='ocrx_word' id='word_1_221' title='bbox 770 2723 776 2736; x_wconf 91' lang='lat'><strong>.</strong></span> <span class='ocrx_word' id='word_1_222' title='bbox 791 2679 927 2736; x_wconf 79' lang='lat' dir='ltr'><strong>coniectis</strong></span> <span class='ocrx_word' id='word_1_223' title='bbox 945 2697 981 2750; x_wconf 80' lang='lat' dir='ltr'><strong>p:</strong></span> <span class='ocrx_word' id='word_1_224' title='bbox 1006 2683 1114 2736; x_wconf 84' lang='lat' dir='ltr'><strong>ceteras</strong></span> 
     </span>
     <span class='ocr_line' id='line_1_28' title="bbox 90 2749 1113 2826; baseline -0.004 -16"><span class='ocrx_word' id='word_1_225' title='bbox 90 2755 247 2826; x_wconf 88' lang='lat' dir='ltr'><strong>potiones.</strong></span> <span class='ocrx_word' id='word_1_226' title='bbox 263 2791 270 2806; x_wconf 86' lang='lat'><strong>.</strong></span> <span class='ocrx_word' id='word_1_227' title='bbox 285 2791 292 2805; x_wconf 87' lang='lat'><strong>.</strong></span> <span class='ocrx_word' id='word_1_228' title='bbox 308 2751 449 2809; x_wconf 80' lang='lat' dir='ltr'><strong>coniectas</strong></span> <span class='ocrx_word' id='word_1_229' title='bbox 466 2767 507 2822; x_wconf 73' lang='lat' dir='ltr'><strong>pc.</strong></span> <span class='ocrx_word' id='word_1_230' title='bbox 580 2757 614 2806; x_wconf 86' lang='lat'><strong>10</strong></span> <span class='ocrx_word' id='word_1_231' title='bbox 628 2749 734 2807; x_wconf 87' lang='lat' dir='ltr'><strong>diurnis</strong></span> <span class='ocrx_word' id='word_1_232' title='bbox 747 2767 792 2822; x_wconf 76' lang='lat' dir='ltr'><strong>pc:</strong></span> <span class='ocrx_word' id='word_1_233' title='bbox 812 2751 949 2806; x_wconf 85' lang='lat' dir='ltr'><strong>diuturnis</strong></span> <span class='ocrx_word' id='word_1_234' title='bbox 963 2767 987 2820; x_wconf 80' lang='lat' dir='ltr'><strong>p</strong></span> <span class='ocrx_word' id='word_1_235' title='bbox 1005 2751 1113 2820; x_wconf 65' lang='lat' dir='ltr'><strong>(Peto).</strong></span> 
     </span>
     <span class='ocr_line' id='line_1_29' title="bbox 93 2820 1114 2894; baseline -0.007 -13"><span class='ocrx_word' id='word_1_236' title='bbox 93 2834 126 2881; x_wconf 90' lang='grc'><strong>11</strong></span> <span class='ocrx_word' id='word_1_237' title='bbox 147 2827 181 2881; x_wconf 77' lang='lat' dir='ltr'><strong>et</strong></span> <span class='ocrx_word' id='word_1_238' title='bbox 198 2840 248 2879; x_wconf 85' lang='lat' dir='ltr'><strong>om.</strong></span> <span class='ocrx_word' id='word_1_239' title='bbox 268 2839 309 2892; x_wconf 83' lang='lat' dir='ltr'><strong>ep.</strong></span> <span class='ocrx_word' id='word_1_240' title='bbox 417 2821 561 2893; x_wconf 81' lang='lat' dir='ltr'><strong>diequilon</strong></span> <span class='ocrx_word' id='word_1_241' title='bbox 579 2839 610 2894; x_wconf 78' lang='lat'><strong>9:</strong></span> <span class='ocrx_word' id='word_1_242' title='bbox 639 2821 782 2878; x_wconf 81' lang='lat' dir='ltr'><strong>dioohilon</strong></span> <span class='ocrx_word' id='word_1_243' title='bbox 800 2839 827 2888; x_wconf 90' lang='lat' dir='ltr'><strong>o,</strong></span> <span class='ocrx_word' id='word_1_244' title='bbox 851 2820 1021 2888; x_wconf 81' lang='lat' dir='ltr'><strong>dieolilonp</strong></span> <span class='ocrx_word' id='word_1_245' title='bbox 1041 2821 1114 2888; x_wconf 78' lang='lat' dir='ltr'><strong>(item</strong></span> 
     </span>
     <span class='ocr_line' id='line_1_30' title="bbox 91 2889 1113 2966; baseline -0.009 -13"><span class='ocrx_word' id='word_1_246' title='bbox 91 2896 195 2966; x_wconf 79' lang='lat' dir='ltr'><strong>infra).</strong></span> <span class='ocrx_word' id='word_1_247' title='bbox 276 2899 309 2948; x_wconf 82' lang='lat'><strong>12</strong></span> <span class='ocrx_word' id='word_1_248' title='bbox 329 2909 409 2949; x_wconf 79' lang='lat' dir='ltr'><strong>caere</strong></span> <span class='ocrx_word' id='word_1_249' title='bbox 427 2910 457 2964; x_wconf 74' lang='lat' dir='ltr'><strong>p,</strong></span> <span class='ocrx_word' id='word_1_250' title='bbox 477 2896 538 2950; x_wconf 81' lang='lat' dir='ltr'><strong>oete</strong></span> <span class='ocrx_word' id='word_1_251' title='bbox 557 2911 584 2962; x_wconf 87' lang='lat' dir='ltr'><strong>c,</strong></span> <span class='ocrx_word' id='word_1_252' title='bbox 609 2889 640 2950; x_wconf 59' lang='grc' dir='ltr'><strong>δ’ὁ</strong></span> <span class='ocrx_word' id='word_1_253' title='bbox 654 2910 685 2962; x_wconf 80' lang='lat' dir='ltr'><strong>p.</strong></span> <span class='ocrx_word' id='word_1_254' title='bbox 759 2891 882 2962; x_wconf 81' lang='lat' dir='ltr'><strong>adipidis</strong></span> <span class='ocrx_word' id='word_1_255' title='bbox 901 2891 961 2960; x_wconf 80' lang='lat' dir='ltr'><strong>(oio)</strong></span> <span class='ocrx_word' id='word_1_256' title='bbox 980 2905 1005 2959; x_wconf 78' lang='lat' dir='ltr'><strong>p.</strong></span> <span class='ocrx_word' id='word_1_257' title='bbox 1080 2896 1113 2945; x_wconf 83' lang='lat' dir='ltr'><strong>lt</strong></span> 
     </span>
     <span class='ocr_line' id='line_1_31' title="bbox 91 2964 1112 3034; baseline -0.006 -10"><span class='ocrx_word' id='word_1_258' title='bbox 91 2967 222 3024; x_wconf 87' lang='lat' dir='ltr'><strong>omnium</strong></span> <span class='ocrx_word' id='word_1_259' title='bbox 245 2965 330 3022; x_wconf 76' lang='lat' dir='ltr'><strong>trium</strong></span> <span class='ocrx_word' id='word_1_260' title='bbox 349 2979 399 3020; x_wconf 85' lang='lat' dir='ltr'><strong>om.</strong></span> <span class='ocrx_word' id='word_1_261' title='bbox 414 2981 446 3034; x_wconf 78' lang='lat' dir='ltr'><strong>p.</strong></span> <span class='ocrx_word' id='word_1_262' title='bbox 555 2971 589 3018; x_wconf 87' lang='lat'><strong>14</strong></span> <span class='ocrx_word' id='word_1_263' title='bbox 606 2981 662 3018; x_wconf 90' lang='lat' dir='ltr'><strong>uno</strong></span> <span class='ocrx_word' id='word_1_264' title='bbox 681 2964 743 3033; x_wconf 80' lang='lat' dir='ltr'><strong>(sio)</strong></span> <span class='ocrx_word' id='word_1_265' title='bbox 768 2979 828 3032; x_wconf 76' lang='lat' dir='ltr'><strong>pop.</strong></span> <span class='ocrx_word' id='word_1_266' title='bbox 937 2977 1032 3016; x_wconf 86' lang='lat' dir='ltr'><strong>moves</strong></span> <span class='ocrx_word' id='word_1_267' title='bbox 1053 2977 1112 3032; x_wconf 73' lang='lat' dir='ltr'><strong>pop.</strong></span> 
     </span>
     <span class='ocr_line' id='line_1_32' title="bbox 94 3031 1113 3107; baseline -0.006 -13"><span class='ocrx_word' id='word_1_268' title='bbox 94 3046 128 3094; x_wconf 81' lang='lat'><strong>15</strong></span> <span class='ocrx_word' id='word_1_269' title='bbox 144 3037 310 3107; x_wconf 82' lang='lat' dir='ltr'><strong>ooagoletur</strong></span> <span class='ocrx_word' id='word_1_270' title='bbox 322 3052 383 3105; x_wconf 75' lang='lat' dir='ltr'><strong>pop.</strong></span> <span class='ocrx_word' id='word_1_271' title='bbox 454 3036 551 3092; x_wconf 84' lang='lat' dir='ltr'><strong>redes:</strong></span> <span class='ocrx_word' id='word_1_272' title='bbox 570 3033 664 3090; x_wconf 72' lang='lat' dir='ltr'><strong>madet</strong></span> <span class='ocrx_word' id='word_1_273' title='bbox 683 3051 706 3090; x_wconf 91' lang='lat' dir='ltr'><strong>o.</strong></span> <span class='ocrx_word' id='word_1_274' title='bbox 781 3039 813 3088; x_wconf 82' lang='lat' dir='ltr'><strong>to</strong></span> <span class='ocrx_word' id='word_1_275' title='bbox 830 3048 881 3102; x_wconf 73' lang='lat' dir='ltr'><strong>seq.</strong></span> <span class='ocrx_word' id='word_1_276' title='bbox 901 3031 948 3087; x_wconf 85' lang='lat' dir='ltr'><strong>Ad</strong></span> <span class='ocrx_word' id='word_1_277' title='bbox 965 3031 1113 3090; x_wconf 71' lang='lat' dir='ltr'><strong>nemancos</strong></span> 
     </span>
    </p>
   </div>
   <div class='ocr_carea' id='block_1_7' title="bbox 89 3114 1114 3551">
    <p class='ocr_par' dir='ltr' id='par_1_8' title="bbox 89 3114 1114 3551">
     <span class='ocr_line' id='line_1_33' title="bbox 89 3114 1111 3251; baseline -0.008 -69"><span class='ocrx_word' id='word_1_278' title='bbox 89 3131 125 3182; x_wconf 79' lang='lat' dir='ltr'><strong>in</strong></span> <span class='ocrx_word' id='word_1_279' title='bbox 145 3144 172 3198; x_wconf 80' lang='lat'><strong>9.</strong></span> <span class='ocrx_word' id='word_1_280' title='bbox 248 3131 281 3180; x_wconf 85' lang='lat' dir='ltr'><strong>to</strong></span> <span class='ocrx_word' id='word_1_281' title='bbox 299 3123 358 3251; x_wconf 50' lang='lat' dir='ltr'><strong>(ff</strong></span> <span class='ocrx_word' id='word_1_282' title='bbox 375 3123 416 3178; x_wconf 90' lang='lat' dir='ltr'><strong>llI</strong></span> <span class='ocrx_word' id='word_1_283' title='bbox 433 3123 470 3179; x_wconf 84' lang='lat' dir='ltr'><strong>ad</strong></span> <span class='ocrx_word' id='word_1_284' title='bbox 486 3123 662 3251; x_wconf 36' lang='lat' dir='ltr'><strong>&#39;omoploigos</strong></span> <span class='ocrx_word' id='word_1_285' title='bbox 679 3139 710 3192; x_wconf 79' lang='lat' dir='ltr'><strong>p,</strong></span> <span class='ocrx_word' id='word_1_286' title='bbox 728 3120 774 3204; x_wconf 55' lang='lat' dir='ltr'><strong>dd</strong></span> <span class='ocrx_word' id='word_1_287' title='bbox 793 3121 965 3249; x_wconf 53' lang='lat' dir='ltr'><strong>‘’mplffilm</strong></span> <span class='ocrx_word' id='word_1_288' title='bbox 984 3114 1071 3250; x_wconf 56' lang='lat' dir='ltr'><strong>ndtop&#39;.</strong></span> <span class='ocrx_word' id='word_1_289' title='bbox 1091 3140 1111 3177; x_wconf 86' lang='lat' dir='ltr'><strong>e.</strong></span> 
     </span>
     <span class='ocr_line' id='line_1_34' title="bbox 91 3194 1113 3338; baseline -0.005 -15"><span class='ocrx_word' id='word_1_290' title='bbox 91 3200 228 3338; x_wconf 51' lang='lat' dir='ltr'><strong>llrldlllplll</strong></span> <span class='ocrx_word' id='word_1_291' title='bbox 248 3213 275 3266; x_wconf 52' lang='grc' dir='ltr'><strong>θ’</strong></span> <span class='ocrx_word' id='word_1_292' title='bbox 286 3273 318 3322; x_wconf 81' lang='lat' dir='ltr'><strong>l&#39;l</strong></span> <span class='ocrx_word' id='word_1_293' title='bbox 338 3208 814 3337; x_wconf 52' lang='lat' dir='ltr'><strong>Enetlrsptrlllllossgcllullmrlltlllllnssln</strong></span> <span class='ocrx_word' id='word_1_294' title='bbox 832 3194 935 3335; x_wconf 60' lang='lat' dir='ltr'><strong>pqlros</strong></span> <span class='ocrx_word' id='word_1_295' title='bbox 953 3209 1113 3334; x_wconf 50' lang='lat' dir='ltr'><strong>:fftlmygll</strong></span> 
     </span>
     <span class='ocr_line' id='line_1_35' title="bbox 90 3335 1114 3422; baseline -0.005 -27"><span class='ocrx_word' id='word_1_296' title='bbox 90 3342 149 3396; x_wconf 81' lang='lat' dir='ltr'><strong>hoo</strong></span> <span class='ocrx_word' id='word_1_297' title='bbox 162 3355 258 3421; x_wconf 77' lang='lat' dir='ltr'><strong>verop</strong></span> <span class='ocrx_word' id='word_1_298' title='bbox 269 3339 329 3422; x_wconf 65' lang='lat' dir='ltr'><strong>(qui</strong></span> <span class='ocrx_word' id='word_1_299' title='bbox 341 3355 405 3422; x_wconf 75' lang='lat' dir='ltr'><strong>moos</strong></span> <span class='ocrx_word' id='word_1_300' title='bbox 417 3336 578 3392; x_wconf 75' lang='lat' dir='ltr'><strong>constitutis</strong></span> <span class='ocrx_word' id='word_1_301' title='bbox 588 3352 643 3406; x_wconf 84' lang='lat' dir='ltr'><strong>pro</strong></span> <span class='ocrx_word' id='word_1_302' title='bbox 653 3339 732 3391; x_wconf 81' lang='lat' dir='ltr'><strong>——tos</strong></span> <span class='ocrx_word' id='word_1_303' title='bbox 744 3337 798 3405; x_wconf 78' lang='lat' dir='ltr'><strong>po).</strong></span> <span class='ocrx_word' id='word_1_304' title='bbox 872 3341 906 3391; x_wconf 83' lang='lat' dir='ltr'><strong>te</strong></span> <span class='ocrx_word' id='word_1_305' title='bbox 920 3335 1114 3392; x_wconf 82' lang='lat' dir='ltr'><strong>intraneorum</strong></span> 
     </span>
     <span class='ocr_line' id='line_1_36' title="bbox 92 3407 1112 3551; baseline -0.009 -84"><span class='ocrx_word' id='word_1_306' title='bbox 92 3411 289 3550; x_wconf 44' lang='grc' dir='ltr'><strong>ἓοιξιθὶέτζῆιωο,</strong></span> <span class='ocrx_word' id='word_1_307' title='bbox 302 3411 467 3551; x_wconf 52' lang='grc' dir='ltr'><strong>ιὲξθῗοτιιω</strong></span> <span class='ocrx_word' id='word_1_308' title='bbox 481 3409 669 3464; x_wconf 87' lang='lat' dir='ltr'><strong>membrorum</strong></span> <span class='ocrx_word' id='word_1_309' title='bbox 679 3425 710 3477; x_wconf 82' lang='lat' dir='ltr'><strong>p.</strong></span> <span class='ocrx_word' id='word_1_310' title='bbox 774 3407 850 3476; x_wconf 86' lang='lat' dir='ltr'><strong>qnod</strong></span> <span class='ocrx_word' id='word_1_311' title='bbox 864 3408 917 3478; x_wconf 81' lang='lat' dir='ltr'><strong>(tp)</strong></span> <span class='ocrx_word' id='word_1_312' title='bbox 931 3423 958 3462; x_wconf 83' lang='lat' dir='ltr'><strong>o:</strong></span> <span class='ocrx_word' id='word_1_313' title='bbox 972 3424 1027 3480; x_wconf 72' lang='lat' dir='ltr'><strong>qne</strong></span> <span class='ocrx_word' id='word_1_314' title='bbox 1041 3409 1112 3476; x_wconf 84' lang='lat' dir='ltr'><strong>p(p).</strong></span> 
     </span>
    </p>
   </div>
   <div class='ocr_carea' id='block_1_8' title="bbox 0 0 1298 4028">
    <p class='ocr_par' dir='ltr' id='par_1_9' title="bbox 0 0 1298 4028">
     <span class='ocr_line' id='line_1_37' title="bbox 0 0 1298 4028; baseline 0 1"><span class='ocrx_word' id='word_1_315' title='bbox 0 0 1298 4028; x_wconf 95' lang='lat' dir='ltr'><strong> </strong></span> 
     </span>
    </p>
   </div>
  </div>
 </body>
</html>
