2558 4022
574 179 796 244 ..32-

269 329 416 390 conlectio
431 326 545 406 collyrii
559 325 718 406 syringiaci
731 321 892 402 ectylotiei:
914 322 1083 384 chalcanthi
1096 333 1200 404 partes

181 418 267 498 duas,
295 424 396 496 guttae
419 416 594 476 ammoniaci
620 419 736 492 partem
763 429 853 472 unam
878 429 948 472 cum
971 419 1055 472 aceto
1080 413 1200 473 modico

181 505 270 567 simul
305 513 386 566 teres
423 512 454 566 et
495 505 585 564 iacies
621 501 755 582 collyria,
795 498 981 578 longitudine
1017 517 1051 560 ac
1088 500 1202 562 robore
1267 544 1268 559 .

181 594 366 656 differentiae
388 602 423 656 ut
445 601 492 654 est
513 594 577 672 ipsa
600 589 767 650 fistularum
791 605 924 648 caverna.

154 695 167 736 ⁵
270 682 349 744 aliud
372 682 408 744 ad
427 683 580 743 universas
603 677 718 740 fistulas
738 677 941 738 brevissimas:
965 678 1040 738 corii
1057 686 1203 756 granatae
1267 744 1268 765 χ

71 805 95 844 9,
111 784 151 826 roa
183 774 279 834 siccae
301 780 407 834 tunsae
430 779 461 830 ct
484 777 583 830 cretae
607 765 677 848 21,
699 765 857 828 lenticulae
878 761 883 845 l
902 764 1114 828 alexandrinae
1137 767 1203 846 pol·
1267 774 1268 777 ’

181 861 250 922 linis
274 860 344 920 21.
367 861 469 937 mittes
495 860 527 918 in
549 855 648 918 fistula
671 874 707 918 cx
734 854 856 935 pulvere
885 861 1024 933 grauatae
1047 854 1205 916 modicum

183 957 213 1010 et
245 967 279 1008 cx
313 947 422 1027 polline
454 944 621 1006 lenticulae.
666 944 724 1004 hoc
756 944 847 1004 iacies
879 941 985 1004 diebus
1017 941 1117 1004 tribus
1151 952 1205 1004 aut

182 1039 323 1115 quinque.
365 1033 486 1096 cottidie
520 1032 639 1094 curabis
666 1040 713 1094 ter
741 1033 772 1092 in
800 1031 861 1106 die,
893 1030 967 1092 hora
994 1033 1097 1111 tertia,
1128 1032 1205 1092 hora

143 1138 168 1178 1⁰
183 1133 265 1186 sexta
289 1132 319 1184 et
341 1141 427 1184 noua.
1035 1143 1044 1150 ·

271 1211 350 1273 aliud
374 1211 410 1272 ad
434 1212 588 1272 universas
611 1208 725 1271 listulas
743 1207 789 1270 vel
812 1215 880 1268 ante
899 1207 1020 1272 oculum
1041 1208 1204 1289 aegilopas.

182 1300 305 1362 herbam
323 1299 456 1380 putidam
476 1316 564 1377 quam
582 1300 691 1378 punice
710 1297 824 1359 aturbis
842 1295 956 1376 dicunt,
977 1305 1008 1360 ct
1025 1297 1071 1358 lae
1089 1297 1204 1360 herbae

184 1388 329 1468 tithymali
352 1395 383 1448 ct
409 1387 454 1448 lac
477 1387 609 1466 caprifici
631 1394 662 1448 et
687 1387 800 1466 piperis
826 1402 918 1463 grana
941 1383 1005 1466 XV,
1033 1404 1143 1447 sucum
1167 1386 1205 1448 de

184 1476 263 1556 lana,
285 1475 426 1538 lenticula
450 1476 536 1556 dura,
558 1475 631 1535 haec
655 1477 753 1536 omnia
775 1473 883 1534 tundes
906 1476 938 1534 in
961 1493 993 1535 se
1019 1481 1051 1536 ct
1068 1492 1205 1554 appones

145 1578 170 1620 15
185 1565 222 1626 ad
250 1565 349 1626 locum
373 1567 489 1626 cautius
512 1582 550 1624 ne
573 1563 694 1625 oculum
716 1565 880 1642 contingat,
907 1571 1031 1643 propter
1059 1565 1206 1625 virtutem

185 1672 274 1734 quam
296 1656 429 1716 continet
453 1655 621 1714 causticam.

486 1809 562 1870 XXI.
599 1809 647 1870 ud
670 1819 896 1890 empycmata.

272 1933 464 2013 Empycmata
505 1933 646 1994 dicuntur
687 1933 878 1996 collectiones
921 1937 983 1996 sive
1020 1943 1206 2014 apostemata

185 2021 300 2084 occulta
328 2030 416 2101 atque
445 2023 511 2082 visu
538 2023 669 2082 carentia
698 2021 745 2082 vel
767 2022 910 2084 absconsa
934 2032 965 2084 ct
990 2025 1022 2084 in
1046 2022 1206 2086 altioribus

145 2113 333 2173 aoviscerum
355 2109 491 2191 partibus
514 2118 594 2171 nata:
617 2128 686 2172 nam
704 2109 809 2172 Gracci
829 2131 867 2172 en
887 2111 1064 2192 catacalypsi
1086 2121 1205 2174 vocant.

258 2289 272 2336 1
291 2283 457 2354 siringieei.
472 2281 615 2354 cetilogioi
632 2300 662 2352 p,
686 2282 792 2352 siriagi.
826 2283 848 2335 li
867 2281 978 2352 tilogiei
991 2273 1026 2352 p,
1046 2281 1207 2354 sirmigiaci

185 2352 332 2422 zsilogici
350 2369 371 2409 c.
454 2355 576 2408 calcanti
585 2369 651 2476 pop.
737 2356 832 2424 partes
851 2353 920 2435 duas
937 2371 987 2437 pez·
1001 2355 1082 2438 pario
1101 2353 1170 2438 dne·
1175 2373 1206 2426 p.

185 2439 251 2492 pars
269 2423 283 2474 I
302 2425 369 2504 (una
383 2426 416 2492 p)
436 2441 477 2492 cp.
550 2429 656 2478 3ecrs
673 2440 733 2492 pop.
814 2423 1006 2498 4d1ffercnl19
1026 2425 1067 2493 (ed
1084 2430 1205 2480 asterus

186 2494 224 2562 d.)
242 2509 273 2562 p:
292 2493 450 2548 differentia
468 2509 509 2563 cp.
617 2495 660 2548 est
677 2494 740 2564 ipsa
757 2511 788 2563 p:
813 2496 878 2548 sunt
895 2493 957 2563 ipso
976 2512 1003 2564 c,
1021 2495 1081 2566 ipse
1100 2495 1160 2550 sint
1174 2515 1206 2566 p.

186 2579 306 2618 caverna
323 2581 353 2633 pr
373 2581 443 2618 —ne
462 2581 503 2634 cp.
612 2562 761 2619 scorium
779 2567 854 2634 ppt),
874 2564 980 2631 Colle.
1052 2567 1206 2637 a.2.1.9:

186 2634 480 2704 .3.I.c‚.3.1‚p.
522 2633 666 2720 ‚pollinis
685 2651 730 2704 cp:
750 2635 882 2704 apollinis
901 2639 963 2704 (sic)
977 2652 1003 2706 p.
1077 2638 1206 2719 'imittis

184 2721 255 2833 titt.
268 2793 312 2846 n.
325 2705 610 2858 multibiba.
629 2707 699 2845 aff
718 2710 966 2831 ffirmabit
983 2705 1207 2848 ..risibilia

185 2866 212 2916 c,
236 2849 306 2904 hora
324 2851 413 2904 tercia
430 2848 500 2903 hora
518 2847 597 2901 sexta
615 2848 684 2902 hora
702 2863 776 2901 nona
789 2864 820 2916 p.
932 2853 963 2901 11
988 2847 1115 2918 egilopas
1144 2855 1205 2919 (cp)

185 2937 235 2975 om.
254 2937 279 2989 p.
371 2925 403 2973 12
423 2919 511 2974 herba
529 2917 595 2987 (he'r'
608 2921 632 2987 c)
651 2917 752 2988 putida
768 2934 827 2987 pap.
925 2917 1206 2988 12punieeatusb1s

186 3008 249 3074 (sic)
267 3023 298 3074 p,
323 3008 425 3076 punice
450 2997 524 3063 albis
551 3025 577 3074 c,
603 3006 803 3077 puniceaurpn
824 3023 855 3076 p.
965 3013 997 3062 13
1021 3007 1138 3062 titimali
1162 3027 1206 3078 pc,

187 3077 303 3129 -malli
316 3094 347 3146 p.
421 3078 456 3133 da
473 3079 539 3133 lana
556 3077 692 3133 lenticula
711 3078 780 3132 dura
800 3080 862 3146 (ale)
882 3094 941 3148 pop.
1055 3085 1089 3132 14
1107 3081 1206 3135 lundis

186 3163 229 3216 pe,
247 3146 317 3200 -de
331 3163 361 3215 p.
454 3151 483 3202 et
501 3165 527 3203 c:
550 3149 597 3202 vel
619 3165 664 3216 pp.
754 3149 871 3219 apponis
893 3165 953 3218 pop.
1046 3155 1078 3203 17
1097 3151 1140 3204 tic.
1159 3152 1207 3204 Ad
1268 3189 1269 3220 p

185 3218 283 3342 {Emona
302 3216 452 3342 mpiaemeta
469 3234 509 3286 po,
528 3218 570 3342 ipe
589 3217 805 3344 collectionilpus.
815 3237 854 3303 p..
938 3225 971 3275 18
991 3219 1160 3344 impieSmata
1178 3239 1205 3290 p,
1229 3230 1232 3235 ·

187 3303 333 3427 ababli
384 3305 435 3414 ago
533 3295 567 3429 i
586 3305 869 3431 hiltibrant?
885 3293 1206 3432 ‘'walillllai'lllai

186 3445 230 3500 pp,
250 3429 424 3501 aneaalipein
443 3430 507 3499 (sie)
526 3447 541 3486 c
560 3432 614 3501 (eal
631 3447 717 3501 -pro
731 3448 767 3486 en
785 3458 820 3478 =
839 3439 854 3487 ὀ
874 3432 1068 3504 -catalipsim
1086 3431 1206 3504 Simon).
