2588 4028
568 210 808 274 —110-

269 357 413 434 contingit
433 372 549 416 morsus
571 362 600 415 et
623 353 765 416 ulceratio
789 371 825 414 ex
849 353 1035 414 antecedenti
1058 351 1191 414 humoris
1281 421 1282 438 χ

180 445 317 508 acredine
342 453 372 505 et
394 443 478 504 dolor
502 443 567 504 deri
590 441 665 504 solet
688 444 772 504 initio
791 444 894 502 urirme
918 441 1119 502 excludendae
1143 449 1192 502 aut
1281 441 1282 470 l

180 537 211 594 in
234 534 291 594 line
316 531 513 612 explicandae.

269 625 341 683 item
363 623 394 681 in
413 621 510 681 vesica
528 617 654 699 paralysi
674 620 771 680 vitiata
796 626 846 679 ant
869 617 1010 698 paulatim
1033 621 1120 680 urina
1140 637 1191 698 per

154 718 279 790 ognttas
308 707 519 770 insensibiliter
547 707 728 787 excluditur,
759 709 784 768 si
811 725 847 768 ex
876 715 959 786 parte
988 707 1079 768 luerit
1108 715 1192 787 taeta,
1281 761 1282 776 ,

181 807 231 861 aut
253 797 449 860 involuntarie
474 795 561 856 simul
584 795 704 856 exclusa
726 795 907 876 ostenditur,
933 797 959 856 si
982 797 1079 856 omnis
1103 797 1191 858 luerit

180 889 288 948 uitiata.
381 920 383 925 ·

270 981 316 1036 est
334 975 443 1034 lterum
463 973 553 1034 altera
572 973 669 1052 passio
689 991 724 1032 ex
748 973 962 1034 incontinentia
982 974 1086 1034 urinae
1111 991 1191 1052 para-

181 1063 236 1143 lysi
264 1063 378 1122 vesicae
406 1061 545 1122 deterior.
588 1078 623 1120 ex
651 1059 775 1122 renibus
802 1059 1011 1123 descendentis
1039 1069 1070 1122 et
1097 1063 1193 1122 vesica

142 1166 167 1205 10
181 1151 378 1230 eornpatlente
411 1149 553 1229 efficitur,
589 1157 619 1209 et
651 1148 815 1229 appellatur
847 1167 863 1212 a
896 1148 1015 1210 Graecis
1052 1149 1194 1228 diabetes,
1281 1167 1282 1232 ]

181 1238 328 1319 siquidem
357 1255 423 1298 mox
451 1239 572 1316 potione
600 1243 720 1318 accepta
748 1256 802 1317 per
830 1237 959 1298 urinales
987 1239 1047 1298 vias
1071 1239 1192 1300 raritate

181 1326 384 1390 membrorum
416 1327 594 1386 interiorum
626 1325 787 1386 descendat
822 1333 972 1405 tamquam
1008 1344 1062 1405 per
1096 1329 1194 1388 inania

181 1417 303 1479 leretur.
345 1417 442 1476 rarius
471 1413 590 1494 quidem
614 1415 759 1493 contingit
781 1413 854 1474 lraee
880 1415 991 1495 passio,
1018 1414 1070 1476 sed
1094 1414 1193 1476 subito

182 1506 323 1566 nascitur.
356 1510 386 1564 et
404 1511 450 1564 est
468 1504 588 1564 omnino
608 1501 789 1564 incunabilis.
821 1501 912 1581 aliqui
930 1501 1006 1564 bane
1025 1505 1193 1582 passionem

143 1605 168 1647 15
182 1591 583 1673 hydropismoadseribunt,
611 1593 750 1670 quioniam
773 1592 863 1651 nimia
886 1592 935 1652 siti
962 1593 1109 1670 patientes
1133 1591 1194 1652 affi-

183 1683 300 1743 ciantur
323 1690 353 1742 et
376 1679 563 1744 subalbidum
587 1687 617 1739 et
640 1697 785 1758 athosum
807 1677 922 1740 sedtum
945 1679 1111 1741 ostendant.

271 1771 416 1848 contingit
446 1755 554 1829 iterum
578 1785 614 1828 ex
638 1766 760 1828 renibus
787 1767 926 1829 ulceratl's
950 1768 1194 1848 sanguinolentus

182 1861 312 1918 minatus
335 1865 386 1918 aut
409 1859 545 1917 saniosus
568 1855 614 1914 vel
637 1853 822 1930 subalbidus,
846 1855 1001 1934 aliquando
1025 1874 1093 1917 oum
1113 1859 1195 1936 gravi

182 1944 288 2026 odore,
312 1951 469 2004 attestante
493 1944 610 2002 renium
634 1942 735 2003 dolore
759 1951 790 2004 ct
813 1940 903 2005 illum.
940 1947 966 2006 si
983 1963 1053 2005 vero
1073 1948 1195 2025 sangnis

143 2047 169 2085 2⁰
183 2051 276 2113 purus
300 2033 391 2094 luerit
414 2031 566 2113 exclusus,
595 2032 782 2110 eruptionem
811 2051 901 2093 venae
930 2041 980 2094 aut
1004 2033 1195 2113 putredinem

183 2123 277 2202 ipsius
306 2120 451 2200 significat
478 2122 508 2181 in
532 2118 655 2180 renibus
678 2129 729 2182 aut
752 2122 848 2182 vesica
877 2122 982 2183 laetam
1006 2122 1112 2200 luisse,
1136 2141 1195 2202 qua

183 2211 246 2272 loca
270 2228 344 2290 qerae
369 2212 522 2290 patiuntur
546 2207 647 2270 doloro
670 2207 784 2288 pulsata
808 2209 1069 2290 desanguinentur.

254 2387 269 2434 2
290 2379 455 2434 excludente
474 2395 488 2434 c
507 2380 565 2448 (qui
585 2395 635 2434 om.
654 2382 704 2434 ont
723 2412 756 2418 —
776 2378 958 2448 explicando).
1031 2386 1048 2434 4
1064 2379 1132 2436 item
1151 2380 1194 2436 in:

183 2452 254 2506 Item
272 2467 299 2516 e,
319 2450 422 2504 lterum
440 2449 514 2518 inp.
621 2449 743 2520 peitiata
756 2468 786 2520 p.
895 2457 911 2505 6
931 2451 1020 2506 omnis
1038 2469 1065 2519 c,
1087 2453 1149 2506 tota
1163 2468 1195 2520 p.

183 2525 213 2576 et
226 2521 270 2575 est
279 2537 310 2590 p.
383 2525 399 2575 9
414 2519 606 2575 descendentis
622 2521 669 2590 (εσ.
683 2520 805 2589 urinam:
824 2520 974 2577 descendes
990 2523 1053 2589 (εἰσ)
1063 2539 1094 2591 p,
1109 2538 1159 2578 om.
1172 2538 1195 2577 c.

184 2597 217 2645 10
236 2590 366 2646 diabeten
385 2607 412 2656 e,
431 2591 494 2646 -te
510 2607 540 2660 p.
620 2597 651 2645 11
671 2595 735 2647 mox
753 2591 868 2662 potione
887 2595 1004 2662 accepte
1022 2610 1049 2658 c,
1075 2611 1139 2648 mox
1163 2597 1197 2648 ut

182 2661 212 2716 in
230 2660 344 2732 potione
363 2661 503 2731 eeeoperit
521 2659 659 2731 patientes
679 2663 811 2719 continuo
825 2679 857 2732 p.
929 2663 1010 2718 urina
1029 2695 1061 2702 -
1081 2665 1196 2718 deseen-

182 2733 243 2789 dat:
271 2747 290 2804 p
318 2731 425 2794 urinett
452 2731 527 2787 viam
557 2731 673 2788 raritate
703 2734 891 2789 membrorum
926 2751 977 2790 suo
1008 2735 1144 2790 descensu
1172 2752 1196 2800 c,

182 2802 290 2860 urinam
310 2805 397 2876 (uine)
411 2803 469 2876 pua
486 2804 549 2874 (εἰσ)
562 2803 685 2859 raritatis
699 2805 887 2860 membrorum
900 2803 1064 2860 interiorum
1079 2805 1197 2862 descen-

182 2875 1197 2946 fflpMAEmMfimkmwmfflmmmmmmmt

181 2948 311 3016 potatum
334 2947 389 3002 fuit
410 2963 460 3017 per
479 2946 602 3004 uesicam
627 2949 655 3002 et
677 2947 824 3015 ventrem).
907 2970 909 2973 ·
934 2953 965 3000 12
985 2965 1034 3016 per
1053 2947 1149 3003 inania
1168 2965 1196 3003 c:

181 3024 297 3098 peneum
319 3019 382 3086 (εἰσ)
405 3035 436 3087 p.
474 3088 481 3100 .
524 3023 579 3100 ¹15
602 3017 643 3088 i(y
654 3017 829 3088 pldropismo
851 3034 893 3086 ep.
1001 3018 1145 3074 ascribunt
1172 3036 1195 3074 e.

182 3102 314 3225 tutta·
327 3087 690 3228 “detrudatur
703 3095 738 3214 d
753 3090 1068 3228 dlttttddttn
1083 3091 1197 3231 dtttt

185 3232 217 3280 re
231 3226 390 3283 adtestante
399 3245 422 3297 p
437 3230 526 3296 (at-t-
541 3229 574 3296 σ).
660 3230 767 3285 renium
786 3247 813 3300 σ,
831 3248 928 3286 renum
939 3247 970 3300 p.
1044 3229 1198 3302 iliorump

182 3297 311 3365 mmm
402 3299 867 3373 wmmfffflfflmmp
958 3301 1199 3372 mmfflmt

183 3369 231 3422 aut
244 3383 275 3437 p.
375 3374 409 3423 at
429 3369 489 3440 ipse
508 3386 534 3437 c,
553 3369 640 3440 ipsius
659 3389 727 3428 vene
744 3389 772 3442 p.
849 3372 988 3429 vescicum
1007 3389 1033 3438 c,
1053 3373 1148 3429 vesica
1162 3391 1197 3444 p.

131 3465 135 3472 '
183 3457 336 3526 22qua(?):
355 3448 399 3528 (ῃᾷ
413 3475 444 3530 p.
491 3475 572 3536 ,qua
592 3490 624 3500 -
645 3459 1048 3530 (permundandum.
1067 3476 1089 3516 σ.
1176 3495 1179 3502 ,
