2576 4040
559 229 800 295 -216-

184 369 276 425 iecore
292 409 298 422 .
313 410 320 422 .
336 413 342 426 .
357 367 463 424 duritia
476 369 562 437 atque
576 367 649 424 saxi·
722 373 752 438 a,
771 373 805 422 21
824 366 944 436 quedam
967 367 1046 422 ruine
1070 367 1189 425 virtutis
1276 379 1277 410 ἱ

185 442 260 507 tate,
283 455 368 509 quam
388 438 519 494 scimcsin
535 441 648 496 vocant
721 455 792 508 quas
819 437 896 508 greci
923 436 1054 508 sincopas
1083 443 1190 496 vocant

167 505 650 578 cxctmpacsxo'etadtenebroscs
722 511 772 578 (sic
789 510 872 565 etiam
888 507 1052 565 ascerus
1069 512 1190 567 55155511

186 599 256 652 ques
283 580 480 638 scotomaticos
502 581 601 636 dicunt
624 587 647 635 1.
720 581 1188 649 iaceasbacaucpcocodeocm-

185 651 376 709 scotcmaticis
389 651 420 707 id
433 654 477 708 est
492 650 541 720 qui
555 651 649 707 subito
716 652 784 722 plor
808 651 904 706 vetem
928 651 1032 706 lotam
1051 651 1131 718 foeta
1148 659 1189 708 eat

185 725 251 780 ante
271 723 367 780 oculos
389 722 519 778 tenebras
537 721 648 793 patiun-
721 723 761 777 ed.
780 721 849 777 Bas.
870 725 939 776 1553
953 738 985 791 p.
1005 723 1078 789 591).
1276 757 1277 786 ,

186 796 294 853 15551.
705 787 915 864 cognoscereris
947 823 981 834 -
1013 793 1069 848 oid.
1103 812 1187 863 μετα-

169 861 363 931 σταλτικόςε
382 863 541 920 cucurbitas
558 863 650 920 stalti-
722 859 908 933 sapaprssao'e.

186 953 233 991 cas
256 937 286 990 id
309 937 353 991 est
378 935 588 991 constr-icterias
607 941 650 990 33.
704 929 865 1000 adamate:
888 933 925 988 ad
948 932 1060 1004 sycosin
1079 935 1188 1004 (palpe-

185 1013 219 1062 4⁷
239 1007 285 1077 (cf.
306 1005 378 1062 0551.
396 1007 468 1061 Aur.
487 1007 583 1074 earu,
599 1011 650 1060 103
722 1005 846 1073 brorum)
869 1020 955 1074 quam
976 1020 1027 1059 nos
1050 1005 1188 1061 ficitatem

186 1077 360 1132 cucurbitam
419 1075 650 1146 consbictivam).
722 1075 857 1144 dicimus,
903 1074 1042 1144 siquidem
1088 1075 1190 1131 similis

186 1146 308 1202 stulticie
330 1147 361 1201 id
383 1147 428 1202 est
447 1147 649 1202 constricturus
722 1145 817 1218 granis
840 1143 887 1200 fici
912 1145 943 1200 in
964 1145 1109 1216 palpebris
1126 1163 1189 1202 ver·

186 1224 229 1274 12.
272 1217 307 1285 ef.
327 1216 396 1272 dim.
419 1233 441 1273 a.
463 1234 557 1274 5....
574 1215 648 1272 (lass.
720 1216 788 1272 satis
812 1216 951 1285 asperitas
975 1217 1134 1286 reperiatur
1153 1223 1190 1272 29

184 1289 232 1344 Fe.
266 1287 392 1358 capitulo
424 1288 482 1358 (33)
514 1288 549 1342 (15
578 1287 649 1343 tussi
722 1289 767 1355 (of.
791 1287 929 1344 1155555515.
953 1304 998 1370 ap.
1023 1287 1189 1344 8555551-

186 1358 314 1414 bumida:
339 1358 465 1414 stalticas
484 1357 567 1414 Greci
586 1375 649 1414 con-
721 1357 812 1428 cesis).
836 1388 870 1398 -
895 1357 1011 1413 sicotrce
1035 1359 1124 1428 (med.)
1144 1364 1188 1413 74.

187 1429 328 1486 strictivas
345 1432 457 1486 vocant.
703 1423 909 1496 σύμπασματ
932 1427 1116 1498 simpasmate
1134 1429 1189 1484 tali

168 1495 339 1582 ovaccra:
356 1499 459 1570 stafyle
474 1499 576 1570 (stafile
590 1501 618 1570 p)
632 1517 650 1554 a
721 1499 765 1555 uti
790 1501 923 1570 oportet.
939 1541 945 1553 .
960 1540 967 1553 .
982 1499 1132 1556 cribellata
1159 1499 1189 1553 in

187 1571 300 1626 Graecis
315 1571 483 1642 appellatur,
500 1588 585 1641 quam
598 1586 650 1625 nos
721 1571 825 1626 balneo
852 1569 1028 1639 aspergenda
1054 1577 1070 1624 6
1096 1573 1134 1638 (7.
1163 1575 1188 1626 8.
1276 1603 1277 1636 ;

186 1659 273 1698 uvam
291 1641 408 1698 dicimus
428 1648 471 1699 35.
723 1642 776 1710 76).
804 1641 839 1708 cf.
855 1639 927 1696 0551.
942 1640 1013 1696 Aur.
1028 1656 1074 1696 55.
1089 1645 1116 1710 2,
1135 1645 1189 1696 218
1276 1683 1277 1686 ,

168 1710 287 1786 στέαρτ
323 1714 418 1769 unde.
435 1713 650 1768 ..steatomata
723 1713 790 1782 (etr.
809 1717 836 1779 3,
854 1717 897 1766 93.
931 1716 961 1780 5,
979 1717 1022 1767 39.
1042 1713 1088 1780 76)
1116 1729 1189 1782 sym-

187 1787 331 1842 vocantur.
350 1801 416 1838 nam
426 1783 526 1840 Graeci
537 1783 650 1854 adipem
722 1781 897 1852 poematibus
912 1783 1025 1837 utentes
1044 1799 1118 1851 quae
1136 1799 1189 1838 nos

187 1857 262 1910 stear
280 1855 378 1910 dicunt
397 1861 439 1908 27.
722 1852 885 1923 aspergines
904 1851 1066 1908 dixerimus.

169 1920 321 1994 στερεόςτ
333 1924 458 1980 ciberum
472 1923 650 1992 qualitas...
693 1919 956 1996 ,συμπεπτικόνε
999 1923 1189 1994 simpepticon

187 1996 300 2062 oportet
323 2009 383 2048 csse
402 1992 540 2048 51555551
559 1991 650 2048 solida
721 1993 958 2050 medicamentum
989 1994 1020 2048 id
1049 1995 1094 2050 est
1122 2011 1191 2050 con·

187 2065 238 2119 aut
251 2063 430 2134 corpulenta,
449 2079 534 2134 quam
551 2061 650 2118 Graeci
722 2064 908 2134 digestorium
928 2070 971 2120 42.

187 2137 299 2192 sterean
317 2136 419 2205 (sterea
440 2135 529 2204 codd.)
548 2135 651 2190 vocant
704 2131 1190 2206 eduatmmrutquaeaiiraeeis
1235 2135 1239 2142 ⁴

187 2213 230 2262 33.
723 2206 907 2276 simptcmata
925 2206 1114 2288 appellantur,
1136 2223 1190 2262 nos

169 2277 308 2345 oesypa:
349 2277 485 2348 stigmata
520 2274 651 2331 dicuntur
722 2293 789 2332 vero
818 2276 976 2332 accidentia
1008 2276 1127 2331 dicimus
1155 2279 1191 2344 (c,

187 2350 363 2404 characteres
394 2347 545 2416 nomintti,
580 2363 650 2416 quos
721 2349 763 2414 cel
774 2346 867 2402 dicare
881 2346 1035 2416 poterimus
1042 2349 1076 2418 p)
1087 2353 1131 2402 46.
1151 2349 1190 2415 cf.

186 2417 372 2473 militantium
389 2435 488 2473 manus
506 2417 552 2472 vel
570 2417 650 2472 femi-
723 2417 804 2474 (1.1.
819 2418 911 2488 ctr.4,
927 2421 1190 2488 14symptcma...

185 2487 650 2544 uaromMaurarumvultuscsteu-
722 2489 798 2558 quod
811 2504 863 2543 nos
879 2488 1007 2545 accidens
1025 2487 1119 2544 dicere
1138 2506 1189 2560 po·

187 2559 230 2613 dit
245 2565 286 2614 13.
310 2559 345 2625 cf.
356 2558 489 2613 Simas.
505 2557 649 2614 ...(1555
721 2559 846 2615 terimus.
888 2566 919 2629 3,
948 2566 998 2614 131
1027 2559 1190 2616 accidentia

186 2629 234 2685 Fe.
254 2629 388 2698 stigmata
406 2627 558 2683 cicatrices.
721 2630 885 2701 passionum
903 2645 975 2700 quae
994 2629 1094 2686 Graeci
1113 2649 1189 2701 sym-

170 2693 372 2768 στοματικὴε
396 2697 536 2753 confectio
557 2697 650 2766 oralia,
721 2701 851 2770 ptomata
873 2703 984 2757 vocant
1021 2717 1066 2756 55.
1091 2708 1121 2769 1,
1145 2707 1188 2757 11.
1276 2703 1277 2712 ’

188 2786 273 2839 qnam
292 2769 393 2826 Graeci
418 2767 584 2825 stomaticen
602 2785 649 2824 55-
722 2777 748 2840 2,
768 2777 803 2826 30
822 2777 869 2828 etc.

188 2843 254 2896 cant
272 2847 315 2896 35.
705 2841 907 2912 casmenas
921 2873 954 2883 -
969 2843 1024 2897 vid.
1034 2859 1056 2898 a.
1069 2838 1189 2913 ἀγχόνη.

170 2911 475 2984 στρογγυλοτομὶαε
502 2910 652 2967 rotundam
705 2913 863 2983 συνεχὴςι
896 2930 963 2969 nam
991 2913 1092 2969 Graeci
1121 2929 1189 2970 cen·

188 2983 359 3053 (incisuram)
416 3000 501 3052 quam
551 2981 652 3037 Graeci
723 2983 833 3040 tinuam
883 2983 1089 3054 (spirationem)
1141 2984 1189 3041 vel

187 3053 442 3125 strongylotcmian
459 3055 624 3109 55555118.
723 3055 818 3126 iugem
855 3055 951 3124 syneci
981 3053 1111 3124 (sinecim
1141 3072 1189 3137 pp,

170 3119 330 3247 otcptdpog:
353 3124 533 3248 atriatggfum
555 3123 585 3178 id
609 3125 664 3194 est¹
724 3125 869 3252 5155515ἰὲιῂ
879 3125 948 3252 θίγω.
979 3141 1001 3180 a.
1034 3124 1189 3196 sinanchrs)

169 3209 499 3346 oiyxffitifflsriiuspsi
514 3305 520 3318 .
536 3308 542 3321 .
558 3305 565 3319 .
579 3265 652 3346 hauc
706 3213 863 3337 oisiilisexoe:
883 3203 1031 3338 is'iugsm
1049 3265 1189 3323 5155555-

186 3349 345 3404 passsonem
383 3333 564 3404 (cardiacam)
597 3351 652 3389 sm-
723 3338 832 3395 tinuam
855 3337 963 3394 febrem
982 3354 1069 3408 quam
1088 3337 1191 3393 Graeci

187 3421 276 3474 copen
303 3405 518 3476 appellaverunt
545 3404 577 3459 id
610 3409 653 3460 est
724 3408 838 3464 sinccon
856 3408 954 3464 dicunt
971 3415 1014 3463 51.
1080 3429 1084 3434 ·

186 3475 410 3544 amputationem
436 3481 478 3530 64.
515 3477 551 3544 cf.
570 3476 650 3532 Alea.
705 3473 837 3550 σύριγξι
860 3479 968 3534 fistulas
987 3479 1087 3536 Graeci
1106 3478 1190 3534 sirin-
