2558 4022
489 225 709 288 ..11-

93 367 299 430 commiscebis
322 387 359 428 ex
382 368 497 448 aequali
519 367 607 428 modo
626 375 656 427 et
675 367 773 428 addito
791 367 878 428 melle
897 377 928 430 et
945 379 1030 431 aceto
1051 369 1107 431 lin·

95 457 171 518 teolo
194 457 349 518 inductum
373 475 512 536 appones.
552 463 583 516 et
606 473 675 516 cum
696 456 806 516 videris
827 456 891 517 loca
914 457 990 518 bene
1014 459 1106 520 luisse

91 545 247 626 desiccata,
266 547 413 606 cerotario
427 547 522 605 uteris
537 543 616 623 qnod
630 545 770 604 coniicias
784 547 836 604 sic.
860 545 986 624 sulphur
999 549 1107 628 vivum,

90 633 179 695 bacas
206 636 298 714 lauri,
325 632 449 693 herbam
478 633 632 712 perdicion
660 632 690 692 id
714 641 761 693 est
782 635 983 715 parietariam,
1009 637 1107 696 omnia

91 722 265 801 singillatim
291 729 373 782 teres
400 723 441 782 ita
467 729 501 782 ut
524 721 675 801 sulphuris
702 720 865 800 plurimum
890 724 998 784 mittas.
1034 733 1132 785 Iunci

91 827 193 870 ceram
222 828 291 870 oum
319 809 385 870 oleo
411 812 540 890 myrtino
568 810 728 871 sufficienti
754 809 886 871 resolves
914 818 1036 871 etcum
1063 815 1107 872 in·

11 944 14 954 .
90 899 275 977 frigidaverit
296 898 383 958 rades
402 907 433 960 et
450 917 541 978 supra
563 899 657 960 dictas
681 901 797 978 species
819 899 997 960 admiscebis
1016 908 1046 961 et
1063 902 1107 960 in·

89 987 215 1048 ductum
241 1005 381 1066 appones.
422 989 511 1048 etiam
537 997 569 1048 et
606 990 638 1048 in
665 987 781 1048 lavacro
809 995 898 1067 caput
928 1006 964 1050 ex
996 1006 1106 1068 sapone

89 1074 211 1136 fricabis
234 1077 265 1136 in
289 1093 348 1154 quo
371 1077 456 1155 prius
479 1077 571 1137 luerit
589 1075 715 1156 sulphur
733 1075 903 1136 admixtum.
936 1085 966 1137 et
984 1079 1010 1137 si
1029 1077 1106 1138 torte

22 1221 26 1238 ,
89 1167 193 1224 canosi
216 1163 314 1244 capilli
343 1157 455 1225 luerint
477 1167 554 1246 uad,
581 1166 755 1244 frequenter
781 1164 906 1244 psilotro
935 1165 1106 1228 emendabis
1120 1177 1147 1217 1⁰

13 1329 16 1336 .
90 1261 188 1332 caput.

415 1395 464 1456 III.
501 1395 549 1456 td
572 1395 769 1475 pediculos.

181 1517 216 1576 In
231 1516 407 1577 cachecticis
421 1517 597 1596 corporibus
611 1517 642 1577 id
655 1527 702 1578 est
715 1517 791 1578 mala
804 1517 978 1580 habitudine
992 1520 1105 1582 allectis

88 1604 264 1686 pediculosa
281 1607 379 1684 passio
403 1613 563 1683 generatur
586 1623 675 1684 quam
693 1605 798 1666 Graeci
816 1605 973 1684 pthiriasin
991 1618 1106 1670 vocant.

181 1694 342 1754 curationis
375 1701 475 1754 autem
507 1702 642 1772 tempore
674 1693 726 1754 tali
757 1693 971 1755 medicamento
1003 1700 1106 1777 uteris,
1120 1700 1146 1750 15

86 1783 147 1842 hoc
163 1789 209 1842 est
230 1781 441 1861 staphisagriae
459 1791 560 1862 partes
579 1781 661 1862 duas,
680 1782 857 1842 sandaracae
877 1790 907 1842 et
921 1785 992 1843 nitri
1005 1793 1105 1863 partes

87 1871 220 1950 singulas
245 1888 314 1930 cum
336 1878 419 1930 aceto
444 1879 474 1931 et
497 1869 562 1930 olco
588 1870 747 1950 diligenter
769 1879 849 1932 teres
873 1879 904 1931 et
926 1881 1015 1951 caput
1037 1893 1104 1953 per·

86 1977 217 2040 ungues,
250 1959 303 2019 scd
332 1967 452 2038 oportet
484 1967 570 2020 antea
602 1977 677 2039 aqua
709 1959 802 2021 caIIda
833 1959 909 2020 salsa
945 1960 1041 2022 lavare
1075 1971 1105 2024 et

86 2048 245 2126 detergere
269 2049 364 2108 etsie
388 2040 556 2130 unguere!

267 2203 330 2266 IIII.
366 2205 414 2266 Ad
438 2205 651 2285 capillorum
673 2205 926 2266 defluxionem.
1114 2219 1195 2272 pne

177 2329 311 2390 Delluxio
344 2329 518 2410 capillorum
546 2331 691 2408 contingit
718 2348 754 2389 ex
785 2328 936 2390 debilitata
969 2333 1104 2410 corporis

162 2542 177 2589 1
202 2535 364 2590 commisces
389 2552 435 2606 pe,
458 2534 590 2590 miscebis
609 2551 640 2604 p.
714 2553 748 2590 ex
762 2576 769 2590 .
784 2576 790 2590 .
807 2577 813 2590 .
828 2535 933 2606 (modo)
958 2537 986 2591 at
1006 2551 1057 2590 om.
1077 2554 1108 2606 9.

88 2613 104 2660 2
123 2605 212 2660 fuisse
230 2624 276 2678 pc:
295 2622 346 2660 om.
362 2623 391 2675 p.
465 2613 481 2660 3
501 2605 669 2661 cerotarium
687 2606 807 2677 9(-rio
823 2609 879 2676 pc).
962 2607 1073 2662 conficis
1091 2625 1109 2678 9

88 2676 193 2746 (-ceia
207 2681 250 2746 p),
270 2677 378 2732 -citnr
397 2694 419 2731 c.
492 2677 628 2732 Ibaccas
645 2693 678 2748 pc
701 2677 796 2744 (bacas
810 2679 853 2747 9).
926 2684 943 2732 4
962 2679 1109 2746 περδίκιον

88 2748 200 2802 adhibet
218 2748 344 2803 Soranos
366 2748 441 2816 (Gal.
464 2747 530 2812 XII,
555 2752 627 2817 494).
717 2747 747 2802 id
776 2750 819 2802 est
841 2747 977 2818 paritario
999 2749 1058 2816 (sic)
1077 2766 1108 2818 p:

88 2835 141 2872 om.
166 2835 210 2886 po.
319 2819 414 2874 omnia
440 2835 490 2874 om.
514 2835 545 2888 p.
654 2818 863 2901 osingillatim
888 2837 919 2888 p:
945 2818 1108 2886 singulatim

89 2886 219 2956 (sigl'ati)
234 2905 280 2958 pc.
352 2889 524 2944 Iadmisces
542 2905 611 2959 ppo*
683 2893 805 2944 8et1am
820 2891 907 2958 atyn:
928 2891 1001 2956 etp.
1092 2894 1108 2942 9

87 2957 209 3026 frigebis
222 2977 253 3026 p.
334 2966 366 3015 10
384 2959 526 3030 frequenti
539 2977 586 3028 po.
670 2965 703 3012 11
722 2961 808 3028 capnt
825 2975 856 3028 9ε
876 2973 926 3012 om.
944 2975 987 3026 pc.
1075 2964 1107 3014 13

89 3029 238 3110 cooecticis
261 3048 292 3101 p:
320 3030 447 3086 oateticis
466 3047 501 3098 9,
526 3027 686 3084 caotectiois
709 3045 732 3083 c.
824 3033 857 3082 14
884 3029 1055 3098 peduculosa
1081 3048 1107 3101 9.

87 3111 193 3189 py'bsin
210 3135 228 3190 9
247 3119 282 3187 (ri
299 3135 388 3188 sarpra
405 3121 454 3189 9⁰),
472 3117 585 3188 ptiriasi
600 3135 634 3186 p,
653 3116 759 3184 ptinasi
778 3134 799 3172 c.
892 3123 925 3172 15
945 3119 1052 3173 curatio
1070 3123 1109 3172 est

88 3189 255 3259 ArctIpeois
277 3206 323 3259 op.
343 3189 406 3246 Gal.
425 3189 490 3257 XII,
514 3195 566 3244 463
586 3215 621 3236 -ε
639 3187 716 3256 XIV,
741 3194 801 3243 323.
900 3195 932 3244 16
956 3189 1108 3244 sandaraca

88 3277 122 3332 9ο
146 3263 224 3329 (-os
244 3262 286 3330 p).
394 3260 539 3330 nitrump
569 3260 645 3328 (nitri
664 3261 721 3328 9ο).
831 3265 863 3314 17
887 3259 955 3314 teris
977 3275 1029 3330 ppo
1052 3259 1109 3328 (scd

89 3347 249 3400 perungues
267 3349 293 3402 9,
312 3348 397 3402 -ges
412 3332 468 3400 pc).
543 3335 576 3384 18
596 3331 738 3400 scoportet
755 3335 819 3385 note
837 3347 907 3386 corr.
925 3347 950 3400 9.
1033 3327 1108 3384 salsa

90 3403 178 3470 caput
196 3402 292 3457 lavare
310 3419 333 3458 c.
408 3408 440 3456 19
459 3417 583 3470 unguere
601 3419 631 3472 p:
651 3417 753 3471 -gera
766 3417 812 3470 pc.
885 3406 920 3455 20
938 3401 983 3454 Ad
1003 3399 1108 3454 fluxum

93 3471 259 3542 capillorum
271 3489 303 3542 p.
413 3477 447 3525 21
467 3471 661 3527 debilitatione
680 3489 701 3526 c.
