2558 4022
517 221 732 286 -21..

116 366 324 428 medicamenti
355 365 503 426 confectio
533 363 600 425 talis
632 373 687 424 est.
729 365 946 448 cantharidum,
978 366 1129 446 sulphuris

116 458 186 536 rivi,
209 455 291 515 oleae
314 453 455 514 bacarum
478 462 679 534 purgatarum,
703 451 867 515 chalcanthi
889 457 916 510 2
938 463 1108 537 quaternas,
1122 447 1160 538 ir·
1176 465 1221 508 1⁸2·

115 546 191 623 picis
214 542 342 622 liquidae
367 547 393 598 i.
415 540 441 601 ll
465 541 606 602 conficies
628 549 659 600 el
676 543 780 602 uteris.
826 543 896 604 lacit
913 551 944 606 et
962 543 998 604 ad
1017 546 1130 623 rizony-

116 631 199 692 cbias
221 631 251 691 id
275 639 322 692 est
344 631 459 691 radices
481 631 626 708 unguium
651 628 857 692 excludendas.

1147 735 1216 781 suppl.

383 771 484 850 [xllll.
521 770 570 832 lu
593 770 687 834 labia
709 771 855 866 hiantia.
1167 785 1209 824 111.

206 887 294 949 Labia
322 888 431 948 hiantia
459 889 520 947 sire
547 889 677 966 crispata
703 886 809 948 Graeci
839 887 915 950 chile
946 895 1132 966 caterrogota

115 987 230 1039 vocant.
271 985 302 1038 et
329 984 473 1038 curantur
500 975 557 1036 hoc
579 975 676 1037 modo.
718 977 766 1037 ori
788 978 962 1038 interiorem
986 975 1130 1038 membra·

115 1085 183 1128 nam
212 1083 356 1148 appones,
383 1073 434 1125 aut
461 1064 555 1144 adipis
583 1065 713 1125 anserini
741 1083 828 1126 cerae
854 1067 972 1126 rosinae
1000 1063 1129 1126 terebin-

115 1158 195 1216 tinae
223 1157 356 1215 omnium
383 1156 474 1214 trium
501 1154 584 1232 paria
611 1153 744 1232 pondera
771 1155 803 1214 in
830 1171 891 1216 nno
917 1154 999 1215 lento
1021 1170 1130 1233 vapore

116 1242 322 1305 commiscebis
345 1251 375 1303 et
404 1244 436 1302 in
459 1241 629 1302 membrana
652 1241 689 1302 da
712 1259 806 1303 canna
828 1242 968 1303 illinitum
990 1259 1130 1322 appones.
1144 1257 1170 1297 ιο

115 1332 287 1394 membrana
317 1330 353 1392 de
385 1348 479 1390 canna
511 1329 621 1390 dicitur
652 1329 725 1392 illud
753 1331 915 1392 rotundum
946 1331 1026 1410 quod
1053 1333 1131 1390 intra

116 1439 240 1483 cannam
263 1421 422 1480 invenitur.
459 1417 536 1479 aliud
556 1418 592 1478 ad
611 1418 730 1498 ragadia
752 1427 783 1479 et
805 1419 841 1480 ad
859 1419 961 1480 ulcera
983 1421 1014 1480 in
1038 1417 1130 1479 labiis.

116 1510 221 1590 gallam
249 1517 279 1569 et
307 1509 450 1568 masticen
478 1506 593 1584 aequali
620 1507 707 1567 modo
731 1514 869 1568 conteres
896 1516 927 1568 et
956 1525 1024 1569 cum
1048 1510 1131 1588 isypo

115 1608 146 1659 et
170 1597 257 1658 melle
280 1597 370 1656 attico
394 1603 445 1655 aut
468 1594 553 1673 adipe
577 1598 714 1654 anserino
738 1598 841 1655 uteris.

457 1733 517 1796 XV.
553 1735 602 1796 ld
625 1735 793 1798 scabiem.
1146 1747 1171 1790 1⁵

207 1852 328 1914 Scabies
360 1870 377 1912 a
408 1849 559 1912 veteribus
586 1851 663 1912 duae
691 1869 757 1912 esse
785 1849 959 1930 probantur.
1000 1868 1058 1912 una
1087 1858 1132 1912 est

116 1959 258 2022 squamea
281 1942 358 2002 insci
381 1939 498 2020 coloris,
522 1957 609 2018 quam
634 1939 762 2002 scabiem
786 1957 974 2020 squamosam
997 1939 1133 2020 dicimus,

117 2030 265 2110 siqnidem
297 2031 458 2090 corticosas
491 2028 660 2107 squamulas
691 2031 722 2089 in
756 2037 824 2090 oute
864 2028 1027 2090 ostendunt
1058 2045 1132 2106 quas

189 2182 347 2238 mutandas
365 2199 391 2250 p,
409 2180 545 2234 —darum
559 2197 605 2249 pc.
705 2180 822 2248 sulphur
839 2181 935 2234 vivum
953 2196 971 2249 p
990 2179 1059 2249 (qen.
1074 2184 1131 2248 pc).

117 2261 133 2310 2
154 2255 245 2309 oleae:
265 2253 322 2307 alei
338 2269 380 2321 pc,
399 2251 454 2306 olei
468 2267 498 2320 p.
572 2252 673 2305 baccas
691 2249 804 2318 (bacdas
819 2252 860 2305 cic
868 2252 902 2320 p)
920 2253 1054 2320 purgatas
1072 2266 1131 2320 pop.

117 2323 240 2380 calcanti
258 2323 376 2394 (calanti
394 2325 419 2390 o)
437 2337 489 2391 ppo
507 2321 535 2390 (i.
550 2319 664 2376 vitricia
680 2321 1132 2392 aicaaprcp,cf.pudc.X1).

118 2398 270 2465 quaternas
287 2409 333 2464 qo:
352 2393 406 2448 IllI
420 2409 451 2461 p.
524 2398 539 2446 3
559 2392 672 2448 conficis
690 2408 748 2462 pap.
826 2391 980 2448 rizonichio
998 2393 1132 2462 911(οωί-

117 2466 242 2523 corichie
259 2468 292 2534 c).
378 2463 589 2520 4exdncendas
603 2480 634 2532 p.
707 2464 785 2518 utic.
800 2462 889 2520 'Albia
907 2463 999 2518 macie
1011 2480 1042 2533 p.
1116 2469 1132 2518 6

116 2537 206 2594 Labia
227 2535 320 2592 macia
338 2551 361 2604 p
383 2540 418 2602 (et
442 2535 475 2589 in
496 2550 582 2603 marp-
606 2550 675 2590 oorr.
694 2534 713 2588 i.
737 2533 846 2603 iantia).
954 2534 1076 2604 crispata
1096 2550 1131 2603 p:

117 2626 222 2695 crepl'a
240 2641 262 2680 c.
335 2625 482 2694 ostrogata
495 2639 526 2692 p,
545 2624 707 2692 caterogata
724 2639 739 2678 c
754 2623 831 2690 (Gal.
850 2623 940 2690 XIV,
953 2627 1018 2679 424.
1057 2621 1133 2676 Orio.

117 2713 178 2766 cup.
193 2701 220 2761 4,
239 2699 295 2763 57).
403 2701 419 2749 t
444 2693 495 2748 cui
517 2694 649 2748 interiore
668 2711 704 2748 m.
719 2710 755 2763 p,
781 2693 864 2749 Omni
887 2695 956 2748 teris
975 2711 1012 2748 m.
1032 2709 1046 2747 c
1064 2693 1132 2762 (sic).

117 2768 218 2836 scripsi
235 2766 283 2821 ovi
301 2782 334 2820 cc
354 2765 430 2820 Ptin.
449 2770 498 2831 29,
516 2768 561 2820 46.
663 2771 679 2820 8
698 2765 810 2834 adipem
829 2765 988 2819 onscmnum
1007 2779 1068 2818 cere
1086 2767 1133 2816 etc.

114 2855 161 2907 pc.
268 2843 284 2890 9
304 2835 428 2892 omnium
445 2835 532 2889 trium
555 2853 581 2890 c:
604 2851 655 2890 om.
670 2852 701 2904 p.
809 2852 865 2890 nno
881 2839 984 2902 12,qu
1006 2833 1092 2901 (vino)
1111 2849 1133 2887 o.

118 2910 196 2962 lento
214 2923 264 2962 om.
283 2924 305 2963 c.
380 2913 413 2960 10
432 2905 595 2961 commisces
608 2907 676 2974 σῳ).
749 2907 778 2960 et
796 2905 960 2959 membrana
977 2903 1012 2958 de
1029 2909 1062 2958 ca
1077 2904 1082 2972 Ι
1097 2919 1135 2958 na

118 2978 222 3034 dicitur
250 2979 303 3044 (sic
328 2979 395 3032 med.
420 2993 483 3046 om„
511 2993 581 3046 quoe
608 2981 699 3030 tamen
720 2977 810 3044 suppl.
838 2991 907 3030 corr.
931 2976 963 3030 in
984 2978 1084 3044 marc.)
1102 2991 1133 3044 p.

120 3056 152 3104 12
172 3049 279 3118 ragada
301 3051 331 3103 et
352 3049 448 3102 ulcera
460 3063 491 3116 p.
601 3052 633 3100 13
657 3045 774 3101 mastico
797 3061 832 3101 ex
855 3045 950 3114 equali
967 3045 1051 3101 modo
1070 3062 1134 3100 oon-

117 3124 191 3175 teres
210 3135 237 3174 c:
256 3119 372 3174 mastica
392 3133 464 3186 equo
483 3117 609 3172 cantores
623 3117 684 3186 (arfa)
699 3133 729 3186 p.
802 3133 866 3172 cum
885 3133 951 3172 suco
964 3116 1039 3187 isopi
1054 3117 1134 3171 attici

118 3194 169 3246 aut
187 3190 270 3260 adipe
289 3207 317 3260 c,
336 3206 400 3245 cnm
423 3189 504 3258 isopo
522 3188 597 3243 atico
617 3189 677 3258 (ubi
694 3189 769 3251 atico
783 3205 817 3244 cc
830 3191 912 3252 corr.)
937 3191 988 3244 ant
1005 3188 1088 3256 adipe
1102 3203 1133 3256 p.

117 3263 199 3331 isypo
216 3263 247 3316 id
265 3267 304 3315 est
322 3277 426 3330 oesypo
443 3259 543 3329 scripsi
561 3275 622 3314 acm
642 3259 716 3316 Orth.
736 3259 783 3330 (cf.
803 3259 878 3315 Ptin.
899 3264 944 3326 30,
962 3259 1021 3330 27).
1100 3263 1132 3311 15

117 3335 161 3387 tit.
180 3333 224 3386 Ad
243 3347 268 3388 c:
291 3331 394 3386 Contra
407 3348 437 3400 p.
522 3335 554 3384 16
573 3331 627 3384 dne
641 3347 673 3400 p,
691 3331 718 3385 II
737 3347 759 3386 c.
847 3337 879 3386 17
899 3346 1011 3386 sosmea
1024 3347 1055 3400 p,
1075 3335 1133 3383 scc-

117 3420 185 3543 pnepl
205 3419 262 3543 p.)
322 3419 475 3457 acamosam
503 3417 543 3471 cp.
635 3407 668 3455 18
692 3401 829 3456 scamulas
855 3417 877 3456 c.
969 3399 1134 3469 ostonditp

133 3505 163 3514 -
186 3492 204 3526 n
237 3491 272 3528 c.
