2558 4022
532 243 750 306 ...50-

141 390 238 450 lactus
266 390 292 448 si
318 388 396 449 forte
423 387 455 448 in
481 387 667 468 aegritudine
695 395 782 448 acuta
808 386 839 447 id
872 394 918 447 est
950 385 1042 448 celeri
1073 394 1159 448 motu

140 485 209 538 nata
235 478 394 555 contigerit
421 475 470 536 lll.
498 477 543 536 vel
571 475 634 536 llll.
661 475 723 556 die,
749 477 908 555 pessimam
939 474 1161 554 aegritudinem

141 573 172 626 et
198 561 343 645 prolixam
370 565 513 646 ostendit,
546 581 634 643 quam
666 562 773 624 Graeci
802 565 1010 624 macronosian
1042 574 1160 644 vocant,

140 652 297 733 aliquando
316 671 387 714 vero
406 660 437 714 et
455 654 628 714 freneticam
647 654 816 731 passionem
835 650 999 712 denuntiat.
1041 653 1067 712 si
1086 669 1160 712 vero

113 744 173 802 sin
208 743 285 824 ipso⁸
311 743 397 802 initio
435 740 629 819 aegritudinis
665 739 854 820 supradictus
891 741 1044 819 sanguinis
1080 739 1160 800 fluor
1192 754 1194 758 ·

141 831 233 892 licerit
255 830 351 891 factus
373 831 405 889 in
423 828 580 890 iuvenibus
603 828 649 888 vel
671 828 800 908 plurimo
819 830 964 906 sanguine
982 827 1161 888 naturaliter

141 917 374 998 abundantibus,
398 935 472 996 quos
494 917 646 997 polpemos
668 925 787 991 uocant,
813 925 844 977 et
868 934 937 978 oum
960 916 1041 994 largo
1065 933 1160 977 cursu

141 1007 329 1086 frequenter,
351 1004 460 1064 bonam
483 1004 699 1066 discussionem
722 1003 862 1066 ostendit.

230 1095 392 1154 curationis
410 1101 510 1153 autem
528 1101 663 1173 tempore
682 1095 708 1154 si
726 1112 762 1154 ex
780 1094 923 1173 proximis
941 1094 1060 1152 narium
1083 1091 1159 1153 locis

101 1200 127 1238 ιο
142 1189 172 1242 et
198 1199 259 1242 non
286 1180 323 1242 de
351 1180 506 1242 altitudine
534 1182 625 1244 fuerit
657 1184 809 1261 sanguinis
838 1181 950 1262 fluxus,
980 1189 1099 1260 oportet
1125 1183 1160 1241 in

141 1271 288 1350 principio
311 1268 485 1348 simpliciter
507 1270 589 1331 molli
611 1270 749 1349 penicillo
772 1269 878 1348 frigida
897 1287 973 1348 aqua
992 1269 1158 1330 madefacto

117 1360 221 1421 ¹cirea
248 1359 376 1418 maiores
402 1357 526 1436 angulos
553 1358 709 1418 oculorum
736 1360 911 1437 exprimere.
958 1359 985 1417 si
1018 1375 1090 1418 vero
1120 1357 1159 1418 de

141 1446 296 1507 altitudine
323 1448 487 1506 manaverit
515 1447 648 1527 sanguis,
683 1447 741 1506 erit
767 1444 965 1524 infrigidanda
996 1445 1087 1506 facies
1121 1464 1160 1506 ex

110 1599 113 1605 ,
142 1552 218 1614 aqua
244 1535 333 1596 nimis
360 1533 467 1614 frigida
493 1542 545 1596 aut
573 1551 663 1614 posca
685 1533 800 1614 frigida.
837 1535 926 1595 etiam
950 1543 979 1594 et
1001 1532 1160 1612 penicillos

101 1639 127 1680 15
141 1623 265 1702 frigidos
292 1639 382 1703 posca
409 1621 514 1684 leviter
542 1641 699 1704 expressos
727 1623 819 1683 fronti
846 1630 877 1684 et
905 1620 1029 1682 naribus
1053 1640 1159 1702 super-

140 1713 283 1792 proicies,
311 1719 342 1772 et
368 1729 511 1772 manuum
537 1729 571 1772 ac
593 1711 703 1791 pedum
727 1729 809 1792 acra,
835 1709 935 1772 idest
962 1712 1161 1789 summitates,
1272 1773 1273 1796 ,

140 1799 246 1877 ligabis
276 1808 307 1860 et
337 1801 455 1859 narium
487 1817 628 1860 cavernas
660 1798 742 1859 molli
768 1797 888 1860 linteolo
916 1797 1074 1876 diligenter
1105 1797 1160 1859 ob·

140 1887 253 1947 trudes.
290 1885 370 1965 quod
393 1888 420 1945 si
437 1888 559 1946 minime
578 1886 755 1947 abstinuerit
774 1889 906 1968 sanguis,
930 1885 1102 1947 cubiculum
1125 1889 1160 1947 in

142 1991 200 2052 quo
229 1971 421 2034 immobiliter
448 1975 564 2035 iaceant
594 1973 734 2054 frigidum
767 1984 797 2036 et
827 1974 1017 2055 planipedum
1048 1983 1079 2036 et
1106 1975 1160 2035 ob-

100 2079 128 2119 eo
141 2080 264 2124 scurum
291 2059 475 2141 procurabis.
517 2064 605 2124 etiam
632 2080 738 2124 manus
765 2071 796 2124 et
822 2063 915 2143 pedes
943 2062 1049 2142 frigida
1081 2081 1161 2142 aqua
1271 2065 1272 2102 t

140 2149 187 2210 rel
216 2169 307 2231 posca
339 2149 518 2212 lomentabis
545 2160 576 2213 et
607 2153 639 2212 in
668 2169 721 2211 ore
749 2151 886 2212 similiter
918 2159 953 2212 ut
984 2153 1162 2214 contineant

141 2237 233 2300 dabis.
279 2247 309 2300 et
337 2240 363 2301 si
395 2239 486 2300 luerit
513 2248 631 2320 tempus
659 2242 738 2300 veris
765 2239 811 2299 vel
839 2241 972 2320 aestatis,
1001 2248 1032 2301 et
1062 2241 1160 2319 ipsius

140 2329 281 2406 patientis
309 2337 389 2389 aetas
421 2328 512 2390 luerit
541 2327 678 2389 iuvenilis
711 2335 741 2388 et
773 2326 917 2418 febricula
948 2325 1160 2411 modicissima,

213 2484 227 2532 1
246 2479 265 2533 i.
281 2478 366 2533 celeri
382 2479 468 2550 Q
485 2481 566 2534 motu
582 2481 650 2534 nate
659 2497 691 2551 p,
709 2479 728 2535 i.
747 2479 832 2534 celeri
846 2482 957 2538 mutata
971 2497 986 2536 o
999 2481 1056 2550 (rel
1070 2481 1159 2536 celeri

140 2549 221 2603 motu
245 2549 339 2618 Patr).
429 2550 512 2606 2111.
536 2552 586 2604 aut
606 2550 668 2608 ΠΗ.
687 2551 747 2606 dies
769 2551 907 2620 pessimas
930 2552 1103 2622 egritudines
1128 2557 1161 2608 et

140 2636 262 2706 prolixas
284 2653 307 2694 c.
415 2638 661 2694 amaoronosiam
686 2656 713 2708 c,
736 2628 916 2712 magnoxiam
929 2657 960 2709 p.
1068 2640 1159 2695 tali-

140 2708 252 2776 quando
267 2749 274 2764 .
290 2751 296 2764 .
312 2751 318 2766 .
333 2709 486 2766 denunciat
508 2725 523 2766 c
544 2710 592 2776 (cf.
617 2709 715 2780 Petr.)=
739 2726 790 2768 ora.
805 2727 836 2780 1³·
944 2716 961 2766 ὁ
987 2709 1159 2768 subditura.

139 2777 166 2833 n
185 2795 208 2834 c.
279 2779 410 2838 ttaotns
427 2780 549 2849 fueritp
568 2780 679 2848 (Pete).
771 2783 836 2838 cin
854 2781 1002 2836 iuvenibus
1021 2783 1061 2850 (rn
1078 2780 1160 2836 uiue-
1269 2793 1270 2852 ζ

139 2849 195 2921 tibe
214 2853 239 2921 c)
258 2852 347 2908 Petra
365 2851 512 2909 iuvenibus
531 2851 572 2922 (in
590 2855 652 2921 oro.)
667 2869 698 2922 p.
806 2852 853 2909 vel
872 2851 994 2920 primum
1012 2852 1160 2932 sanguinis

139 2938 167 2974 n.
186 2923 354 2979 abundantis
373 2922 459 2980 simus
478 2941 499 2980 c.
575 2928 590 2977 7
608 2923 747 2992 pollienos
762 2940 793 2994 p,
811 2922 961 2993 poliomtas
976 2940 990 2978 c
1009 2922 1160 2993 (pohemoa

140 2991 234 3060 Pete).
307 3001 323 3048 9
341 2994 476 3064 proximis
495 2995 583 3068 (gaxis)
603 2993 751 3061 c(Petr.):
770 2993 868 3063 primis
883 3009 913 3062 p.
988 2999 1022 3048 10
1040 2994 1160 3064 sanguis

138 3060 226 3116 fuerit
247 3063 267 3117 f.
288 3081 325 3132 p,
350 3066 436 3120 t'uerit
462 3063 578 3136 sanguis
600 3065 654 3119 ic
677 3063 773 3133 (inerit
795 3063 939 3134 sanguinis
963 3064 1035 3120 fluor
1060 3064 1159 3136 Pete).

140 3136 173 3184 11
192 3132 354 3188 madefacta
370 3137 435 3203 (eie)
452 3151 467 3191 c
483 3136 595 3201 (Petr.)=
613 3135 705 3190 infuso
722 3152 750 3204 p.
838 3140 871 3188 12
889 3152 926 3190 m.
946 3135 1092 3190 oculorum
1110 3151 1160 3190 an·

139 3201 221 3270 gulos
235 3217 258 3270 P
276 3203 317 3270 (P
354 3209 381 3274 .).
472 3205 626 3274 exprimere
640 3223 664 3274 p
681 3205 795 3274 (Petr.):
814 3221 864 3260 om.
884 3222 906 3260 e.
996 3205 1160 3276 1311111ςί-
1268 3255 1269 3272 ,

140 3271 208 3326 date.
226 3289 248 3327 c.
357 3280 391 3328 14
416 3273 500 3328 nimis
519 3277 574 3344 (nia
593 3276 618 3343 c)
636 3275 723 3330 Petne
746 3278 814 3330 urtts
838 3277 903 3344 (aio)
919 3292 951 3345 P·
1059 3294 1087 3346 p.
1112 3285 1160 3332 nis

139 3341 243 3412 frigida
260 3344 360 3399 iterum
377 3361 399 3399 c.
474 3349 507 3399 15
525 3344 627 3400 leniter
644 3363 666 3400 c.
757 3363 840 3416 super
860 3347 980 3416 proicies
998 3363 1032 3416 ep
1051 3350 1160 3422 (proies

138 3415 179 3496 tt'o
192 3420 247 3483 12⁰).
321 3421 354 3470 l'l
374 3415 521 3472 obstrudes
540 3432 555 3470 c
571 3415 678 3484 (Pota).
763 3423 796 3472 18
815 3417 984 3473 abstinuerit
1002 3435 1030 3474 c:
1049 3419 1161 3474 restite-

138 3486 177 3540 nt
190 3502 220 3555 p.
294 3491 328 3540 22
346 3493 393 3542 vei
406 3504 438 3557 Ρ,
456 3486 535 3542 verni
553 3504 575 3543 c.
