2588 4028
543 229 783 293 —156-

155 373 261 436 rodino
290 373 484 436 embrccahis.
525 373 694 454 posthaec
722 371 778 433 sub
801 373 940 435 umbilico
968 373 1018 436 ilia
1040 383 1168 456 utraque

155 473 186 524 et
213 481 301 524 coxas
329 470 360 524 et
386 481 528 524 manuum
555 470 585 524 et
612 463 722 543 pedum
750 464 934 524 summitates
962 470 1083 524 rutaoeo
1117 473 1169 527 aut

155 554 287 632 sicyonio
310 559 362 614 aut
384 551 450 612 oleo
473 552 568 612 veteri
589 568 770 630 perungues.

244 639 334 702 aliud.
377 641 472 720 sinapi
499 658 568 701 oum
596 641 701 700 caricis
730 647 760 700 et
788 639 881 700 farina
907 639 1071 702 hordeacea
1099 659 1170 702 oum

128 737 239 791 aaoeto
268 729 389 791 decocta
418 738 449 790 et
476 731 506 789 in
536 728 742 808 cataplasmate
770 727 934 789 viscoribus
961 729 1090 790 adhibita
1118 749 1168 791 ex·

154 820 247 879 citant
269 818 455 896 lethargicos.

243 906 331 968 allud.
373 907 479 967 domus
508 906 654 967 luminosa
686 913 716 966 et
743 905 884 966 stramina
910 905 984 966 dura
1012 913 1062 967 ant
1085 914 1168 968 certe

155 994 261 1074 frigida
284 997 423 1056 stratoria
446 994 596 1056 substrata
619 997 748 1056 excitant
772 993 915 1054 similiter.

244 1082 332 1144 aliud.
369 1083 464 1162 thymi
487 1101 570 1162 cyma
597 1085 628 1144 in
652 1092 735 1144 aceto
759 1081 881 1143 deooota
905 1099 974 1142 oum
996 1081 1083 1142 melle
1106 1082 1167 1142 suf·

115 1171 267 1231 1oficienti
294 1173 360 1251 ipso
387 1171 504 1250 liquore
534 1173 580 1231 ori
607 1171 706 1232 infuso
738 1171 838 1233 educit
865 1170 970 1250 flegma
998 1180 1028 1231 et
1059 1172 1169 1230 excitat

153 1258 340 1339 lethargicos.

244 1348 332 1409 aliud.
370 1351 547 1410 sternutatio
567 1350 662 1428 spissa
681 1367 717 1408 ex
736 1347 871 1409 euforbio
895 1347 942 1408 vel
965 1346 1092 1410 struthio
1116 1355 1169 1408 aut

154 1454 190 1496 ex
212 1439 316 1516 pipere
341 1445 371 1497 et
395 1446 530 1498 castoreo
554 1439 671 1498 excitat,

243 1524 330 1586 aliud.
373 1527 478 1604 eapitis
505 1543 610 1587 rasura
638 1527 747 1586 excitat
776 1526 802 1585 si
833 1527 929 1586 urtica
961 1525 1083 1585 feriatur
1116 1531 1168 1584 aut

113 1629 139 1671 u
155 1612 215 1674 sale
239 1613 372 1674 fricetur.

450 1773 564 1870 lxliii.
601 1773 649 1835 Ad
673 1773 870 1836 cardiacos.

242 1895 296 1956 Est
311 1903 411 1956 autem
426 1895 559 1956 cardiaoa
577 1901 675 1976 passio
692 1899 836 1960 distensio
855 1896 1043 1960 membranae
1058 1897 1168 1976 cordis,

153 2000 189 2042 ex
218 2000 275 2060 qua
299 1983 445 2060 contingit
473 1982 617 2046 exhalatio
644 1985 709 2046 fieri
736 1989 850 2070 animae
876 2003 931 2066 per
960 1985 1099 2048 sudorem
1122 1993 1166 2046 te·

151 2071 274 2152 trioum,
306 2077 442 2132 tumente
476 2069 647 2134 membrana
681 2071 781 2134 cordis
811 2093 848 2138 ex
880 2075 1066 2138 antecedenti
1098 2093 1167 2154 per-

112 2174 138 2214 ro
153 2157 291 2220 frictione
314 2167 366 2220 aut
388 2161 501 2222 vomitu
524 2159 674 2240 frequenti
697 2168 748 2224 aut
771 2180 808 2222 ex
830 2163 999 2244 adustione,
1025 2162 1105 2242 quod
1128 2181 1166 2224 ex

153 2264 316 2310 enoauseos
338 2247 451 2310 dicunt.
489 2251 626 2328 sequitur
644 2259 743 2312 autem
762 2257 900 2329 aegrotos
921 2252 1075 2330 perfrictio
1094 2253 1167 2314 arti·

152 2335 303 2417 culorum,
321 2339 411 2397 nimia
430 2340 559 2416 parvitas
576 2337 694 2420 pulsus,
718 2355 806 2418 quam
824 2340 1032 2418 microsfyxian
1052 2338 1167 2421 dicunt,

224 2494 238 2540 1
260 2487 393 2544 umbilico
413 2505 454 2558 ep.
526 2489 588 2544 ilic:
608 2493 638 2546 et
654 2488 707 2546 illo
725 2507 752 2558 o,
771 2492 801 2546 ei
817 2490 877 2560 ylia
890 2490 959 2560 <elio
973 2497 1037 2546 acte
1050 2494 1131 2561 eoru.)
1141 2509 1167 2562 p

152 2573 303 2642 (amiciet).
389 2577 507 2644 utreque
526 2594 553 2644 c,
575 2580 693 2648 uterque
706 2585 743 2652 1⁰⁰
760 2585 786 2636 et
803 2585 867 2634 aute
885 2595 955 2636 corr.
975 2597 990 2635 c
1008 2567 1058 2649 (η’
1102 2587 1168 2636 octe

116 2657 220 2726 corr.
235 2645 277 2714 p).
368 2649 434 2702 let
451 2649 526 2715 (code
544 2651 638 2718 coxae)
655 2667 706 2706 oar.
720 2667 752 2720 p.
842 2652 929 2708 aaut
948 2651 1037 2708 veteri
1055 2667 1119 2708 ooo
1133 2669 1164 2722 p.

151 2721 284 2797 tempo
297 2732 328 2785 p.
402 2717 538 2774 ordeaeea
554 2735 581 2774 c:
600 2720 678 2778 ordei
691 2738 722 2791 p.
746 2741 750 2750 ·
795 2727 811 2777 5
830 2724 860 2778 et
878 2723 1095 2794 cataplasmam
1115 2723 1167 2776 cd·

150 2784 304 2842 hibendum
322 2804 344 2843 e.
418 2788 522 2846 euoittu
535 2799 571 2860 1²·
594 2791 683 2848 exiiet
700 2809 722 2849 e.
796 2799 813 2849 8
832 2793 937 2850 excitet
949 2811 986 2864 p,
1010 2794 1125 2850 excurtet
1141 2810 1166 2850 c.

150 2857 248 2912 ocimi
267 2875 300 2928 cp
319 2859 414 2928 (thimi
426 2864 481 2932 ρο).
572 2879 681 2918 oomsm
700 2865 804 2934 (-md)
824 2881 864 2934 op.
956 2865 1103 2920 decoctum
1157 2905 1164 2918 .

150 2946 179 2998 ei
192 2961 254 3002 cum
269 2947 354 3004 mello
368 2967 390 3004 s.
404 2948 464 3020 ipssa
477 2949 585 3020 liquore
599 2950 641 3006 ori
653 2950 760 3008 liceum
778 2969 802 3021 c,
819 2969 883 3008 oum
897 2972 918 3010 e.
937 2953 1013 3008 mell'
1032 2955 1062 3008 od
1078 2880 1166 3023 hqffi

148 3033 460 3164 εεεεεεεειεῶ
551 3038 825 3181 larome>
844 3041 949 3168 ΘΧξε
1032 3025 1166 3172 ειῶιξε

148 3173 279 3243 passione
292 3193 323 3244 p.
415 3185 448 3233 17
467 3179 562 3248 passio
584 3198 621 3236 m
640 3197 664 3238 o.
683 3181 817 3240 &tensio
835 3200 866 3252 p.
959 3189 994 3240 18
1016 3185 1105 3242 enimi
1122 3203 1164 3256 cp.

148 3245 232 3314 perfl)
252 3245 395 3330 sudorem:
413 3247 530 3317 pfudore
539 3267 571 3318 p.
642 3253 774 3312 tetricum
787 3255 835 3323 (es.
851 3253 922 3312 coel.
937 3254 973 3312 A.
988 3271 1032 3312 otc.
1050 3262 1081 3324 2,
1097 3261 1166 3314 167.

148 3337 212 3389 186.
231 3337 310 3402 190)=
329 3340 382 3397 ret.
401 3335 456 3390 ici?
469 3353 500 3407 p.
565 3345 598 3394 te
612 3339 809 3410 perfricatione
818 3359 848 3412 p.
913 3349 948 3398 io
961 3346 1012 3398 cut
1025 3346 1121 3415 (vom.)
1135 3361 1163 3400 c:

148 3405 218 3486 etp.
290 3419 375 3474 quem
393 3420 510 3464 eaueaos
527 3425 554 3476 c,
578 3427 663 3479 quem
687 3426 842 3468 enouneeos
852 3431 884 3484 p.
957 3419 992 3470 22
1010 3415 1122 3485 pulsum
1141 3431 1164 3472 c.

148 3491 248 3532 micros
266 3475 393 3546 secieto,
413 3478 514 3534 micros
532 3480 600 3535 fixio
613 3497 644 3550 p.
