2558 4022
476 214 699 278 ...31-

82 357 256 418 densissime
276 359 463 436 constringes
487 357 567 437 quod
591 360 739 419 attenuari
761 361 865 440 possit,
887 369 1008 421 etcum
1031 359 1096 422 dili-

81 452 185 524 genter
203 448 362 507 siccaveris
380 446 477 506 solves
496 448 610 507 eteius
629 448 819 526 asperitatem
838 448 977 528 scalpello
999 448 1096 530 rades,

80 543 110 595 et
133 534 169 594 ad
192 534 314 596 modum
344 535 498 595 foraminis
521 534 636 595 fistulae
660 537 722 594 sive
746 534 938 613 longitudinis
961 538 1022 597 sive
1046 555 1093 597 ro-

79 621 161 683 boris
179 623 294 684 incides
314 630 344 683 et
361 624 480 704 inicies,
503 629 534 683 et
552 641 643 702 super
663 623 856 702 emplastrum
873 626 1096 686 tenacissimum

79 729 211 791 appones
235 719 266 771 et
287 709 405 792 ligabis,
428 719 459 771 et
482 713 561 772 sines
585 710 632 772 dic
656 719 687 772 et
709 719 806 773 nocte.
849 719 879 772 et
906 714 1016 773 iterum
1038 713 1121 777 alios

76 817 190 879 papyro
229 798 316 878 paulo
349 798 517 860 robustiore
554 798 697 880 mutabis,
734 799 813 880 quod
849 818 994 880 papyrum
1027 809 1095 861 ante

76 888 294 948 medicamento
325 887 481 966 ectylotico
513 888 544 949 id
575 896 621 948 est
653 887 841 949 excallatorio
873 889 950 948 inlra
983 890 1095 968 scripto

77 995 145 1037 cum
169 974 286 1036 modico
309 983 393 1036 aceto
417 985 447 1036 et
470 975 506 1038 ad
528 976 632 1037 horam
651 978 722 1037 trito
748 976 837 1058 lines,
861 983 891 1036 et
914 978 958 1037 sic
981 978 1094 1038 inioies.

78 1064 128 1125 sed
154 1067 179 1125 si
207 1063 284 1124 lorte
311 1072 412 1126 tumor
439 1065 531 1126 luerit
559 1067 718 1146 excitatus,
749 1064 925 1145 cataplasma
949 1067 1093 1145 superim-

75 1171 170 1232 pones
199 1171 235 1212 ex
262 1169 338 1232 aqna
365 1153 460 1214 mulsa
487 1161 518 1214 et
544 1153 661 1214 modico
689 1171 812 1214 rosaceo
840 1153 1019 1214 conlectum.
1064 1161 1094 1214 et
1108 1181 1136 1220 ιο

76 1240 224 1320 quomodo
256 1240 371 1302 accedit
401 1242 574 1323 patefactio,
607 1239 732 1302 subinde
765 1259 820 1322 per
859 1241 992 1321 singulos
1029 1241 1093 1302 dies

75 1329 184 1390 robora
202 1331 350 1390 crassiora
368 1333 472 1410 papyri
491 1329 654 1410 innovabis,
677 1329 772 1390 donec
791 1330 977 1391 sufficienter
995 1329 1093 1390 fistula
1124 1359 1129 1368 ,

75 1419 194 1499 patefiat
222 1427 253 1478 et
279 1417 441 1478 callositate
472 1420 629 1479 interiecta
652 1426 759 1478 careat.
797 1418 849 1479 sed
878 1420 904 1478 si
934 1418 1012 1478 lorte
1035 1417 1092 1496 cal-

74 1507 176 1568 lositas
195 1507 316 1567 minime
340 1506 432 1566 luerit
455 1513 572 1586 secuta,
594 1508 683 1567 etiam
707 1514 738 1566 et
756 1513 866 1566 xantou
884 1504 1093 1566 medicamenti

73 1603 172 1674 partes
198 1594 272 1655 duas
293 1595 394 1655 mittes
417 1602 448 1654 et
471 1595 646 1654 ammoniaci
668 1601 784 1672 partem
806 1611 897 1653 unam
916 1611 984 1654 cum
1007 1602 1132 1662 oceto15

74 1693 161 1766 teres,
182 1683 278 1743 donec
292 1681 388 1743 mellis
403 1681 632 1743 crassitudinem
648 1689 753 1742 sumat.
785 1688 858 1741 tuuc
876 1680 983 1742 illitum
998 1683 1091 1741 scisso

72 1771 195 1834 liuteolo
219 1771 394 1832 lemnisoum
417 1771 524 1832 inicies
547 1779 578 1830 et
601 1788 669 1832 enm
693 1768 834 1851 calcabis,
857 1768 953 1829 donec
975 1768 1092 1848 repleas

72 1860 187 1922 fistulae
217 1877 380 1920 cavernam.
422 1868 452 1920 et
478 1866 636 1939 postquam
659 1858 769 1919 videris
795 1857 872 1918 bene
905 1857 997 1918 fuisse
1020 1875 1090 1937 pur·

72 1955 181 2030 gatam,
211 1947 340 2027 collyriis
367 1948 404 2008 ad
431 1947 533 2008 horam
566 1948 652 2008 lactis
680 1966 717 2007 ex
745 1946 831 2007 melle
863 1945 1011 2025 pastillato
1041 1945 1090 2006 ad-

71 2039 161 2098 mixto
197 2035 347 2116 cephalion
383 2035 598 2096 medicamento
635 2035 858 2115 diligentissime
896 2033 1089 2096 carnificabis.
1104 2063 1133 2104 20

72 2125 122 2185 scd
154 2128 182 2186 si
212 2125 290 2184 lorte
318 2123 451 2186 nuditate
480 2126 541 2183 ossi
568 2123 614 2184 vel
651 2141 688 2183 ex
719 2123 878 2201 putredine
908 2124 1003 2202 ipsius
1030 2125 1091 2182 ossi

71 2212 284 2292 superinducta
308 2212 414 2293 lepide,
438 2229 527 2291 quam
549 2229 604 2272 nos
624 2210 807 2290 squamulam
828 2208 965 2291 dicimus,
988 2227 1091 2270 curam

71 2302 210 2382 impediri
233 2302 377 2382 senseris,
402 2319 439 2360 ex
461 2298 602 2360 melotide
625 2299 723 2359 lerrea
746 2297 851 2359 leviter
870 2297 1000 2358 radendo
1019 2315 1089 2377 pur·

71 2389 152 2469 gabis
176 2397 209 2450 et
232 2391 275 2449 sio
299 2406 388 2468 supra
412 2388 492 2449 dioto
507 2386 637 2480 ,collyrio
661 2386 854 2448 carnificahis.

142 2547 156 2595 1
176 2540 346 2612 constringis
363 2558 422 2610 pop.
503 2547 519 2594 2
538 2539 699 2595 siccaveris:
719 2538 792 2594 —ril
809 2555 869 2610 pop.
959 2537 1090 2594 odiost

70 2614 150 2667 nocte
173 2629 206 2682 p:
233 2611 308 2667 diem
331 2627 365 2666 oo
387 2613 500 2666 noctem
527 2628 554 2680 c,
578 2611 653 2665 diem
677 2613 707 2666 et
729 2611 842 2665 noctem
859 2626 890 2680 p.
1000 2607 1089 2664 olium

71 2682 157 2748 (alind
175 2685 202 2751 o)
225 2681 356 2752 popirnm
379 2682 519 2752 (bapirnm
533 2699 570 2752 p,
595 2680 737 2752 pabirium
756 2684 780 2750 c)
798 2679 884 2750 paulo
902 2679 1088 2736 robustiorem

69 2785 128 2839 pop.
203 2777 218 2824 ‘t
238 2772 268 2825 et
285 2769 399 2826 ciloboo
417 2788 443 2840 9,
463 2770 615 2826 ectillotico
634 2787 656 2838 c,
677 2771 706 2824 et
723 2769 842 2838 tilotpoo
856 2784 887 2837 9.
979 2767 1089 2822 excelle

71 2841 179 2907 (excola
198 2843 222 2910 c)
240 2840 314 2896 torio
334 2858 378 2912 cp:
398 2841 577 2896 escolletorio
595 2857 620 2910 9.
694 2845 710 2893 8
729 2839 794 2893 linis
812 2855 871 2908 pop.
945 2836 1089 2906 tinponis

69 2925 129 2979 pop.
235 2917 267 2966 11
287 2911 397 2966 accedit
413 2928 444 2982 9:
463 2911 567 2966 accidit
584 2928 625 2980 cp.
718 2915 752 2964 14
771 2913 800 2964 et
818 2909 923 2962 xanton
942 2905 1032 2977 (xenii
1050 2908 1088 2974 ef.

71 2977 173 3049 κιρρὰν
192 2981 293 3038 Geloni
310 2983 389 3050 XIII,
408 2983 485 3050 caol:
511 2999 545 3036 ex
563 2984 651 3036 anton
670 2981 783 3048 (exarabo
802 2994 824 3047 o,
844 2979 963 3033 exacton
976 2979 1010 3048 p)
1028 2995 1087 3033 me·

70 3051 261 3108 dicamentum
278 3070 330 3124 pop
350 3054 396 3120 (cf.
411 3069 498 3121 attpro
516 3069 530 3106 c
548 3053 586 3106 od
604 3067 626 3106 o.
644 3053 700 3117 19).
739 3051 774 3117 cf.
793 3045 935 3119 ξηρᾶφιον
952 3049 1029 3104 Astii
1044 3053 1087 3119 14,

69 3126 103 3174 to
123 3125 169 3190 (de
186 3125 307 3193 fistulis).
382 3129 414 3178 15
429 3121 549 3191 mittisp
568 3122 659 3192 (-tes
677 3123 728 3191 cp).
801 3119 941 3176 amoniaci
953 3137 978 3191 9,
1053 3125 1087 3176 16

71 3191 129 3248 Tne
143 3211 170 3250 c:
189 3194 234 3249 vel
248 3194 270 3249 ’ὃ
283 3195 344 3265 (sic)
358 3211 384 3264 9,
401 3195 431 3250 td
438 3210 470 3263 p.
541 3193 647 3247 illitum
659 3209 708 3263 pp:
722 3191 857 3248 illinitum
872 3208 893 3248 c.
971 3191 1086 3246 scissum

69 3260 153 3332 tinch
176 3265 296 3334 cleolnm
318 3281 377 3336 pop.
488 3270 520 3319 1⁷
544 3265 636 3319 calcas
657 3280 717 3333 pop.
827 3269 860 3317 18
884 3278 1033 3318 cavernam
1055 3278 1087 3331 p:

70 3351 154 3390 -nas
173 3351 214 3404 cp.
300 3341 335 3391 20
354 3335 501 3410 cephalion
518 3351 544 3404 9.
617 3340 651 3388 21
670 3333 783 3390 nuditas
804 3332 857 3389 ossi
875 3349 911 3404 99
933 3331 1086 3403 (tcmidites

71 3405 124 3458 ossi
137 3407 178 3461 sic
192 3407 225 3474 c).
297 3406 519 3476 ossipczom.1).
592 3411 626 3460 22
640 3405 737 3478 lepide
754 3422 779 3474 9,
798 3403 895 3474 lepida
913 3419 954 3476 op.
1027 3418 1087 3456 soc·

69 3475 175 3531 mulam
193 3493 242 3547 99,
260 3477 389 3534 scamilla
407 3495 429 3532 e.
503 3475 693 3532 28'melotido
709 3491 769 3545 pop.
