2558 4022
506 231 705 276 ..ν-

97 366 302 438 eouserratus,
330 375 391 418 uno
418 365 519 417 vetere
552 356 673 435 quidem
701 365 731 416 et
760 357 820 416 lido
852 357 904 418 sed
937 359 1112 437 imperfecte

98 450 161 508 sine
184 446 272 508 titulo
295 465 329 506 ac
353 448 473 506 nomine
496 446 608 523 scripto
632 435 679 527 (iu
703 438 875 529 Germania)
903 447 939 507 ad
962 448 1113 532 exemplar

97 535 177 614 quod
195 542 278 595 recto
297 534 496 613 capitulorum
514 533 714 612 foliorumque
732 533 836 594 ordine
855 534 1033 596 destitutum
1047 537 1113 598 erat

96 623 295 702 mutilumque
318 632 350 684 et
372 623 559 702 lacunosum,
582 621 755 683 recentibus
778 621 895 682 duobus
914 625 1038 704 integris
1059 626 1112 686 scd

97 713 222 774 arbitrio
245 712 401 790 scriptoris
428 710 494 771 Itali
520 719 636 771 textum
658 711 822 772 obscurum
848 713 1025 790 corrigentis
1047 731 1112 774 cor·

97 809 186 880 rupto
209 799 303 860 altero
322 799 482 861 Parisicnsi
501 817 523 860 s.
548 798 628 880 XIII,
651 799 745 860 altero
764 799 1001 878 CautabrIgiensi
1019 819 1043 860 s.
1062 799 1112 860 xv

96 897 221 968 propter
238 889 385 967 Insignem
404 889 572 949 litterarum
589 887 791 949 obsoletarum
810 895 965 948 exuetere
985 889 1113 967 quodam

96 977 234 1057 bonoque
258 977 420 1056 exemplari
442 977 628 1056 depictarum
653 978 802 1037 inscitiam
828 979 1113 1039 monstruosissima

96 1065 295 1128 Parisiensem
318 1059 406 1148 (tuno
429 1083 478 1126 no.
500 1061 599 1142 1125)
620 1067 735 1143 primus
758 1067 935 1126 monstravit
957 1065 1113 1146 Philippus

96 1154 235 1216 labbeus
262 1157 293 1215 in
315 1154 396 1215 Nova
424 1153 494 1214 bibl.
518 1171 588 1214 mss.
612 1153 757 1214 librorum
781 1172 803 1214 s.
828 1153 997 1233 Specimine
1021 1157 1112 1236 antiq.

96 1240 356 1305 lectra-,1653
379 1261 407 1321 p.
426 1239 485 1322 49,
508 1241 781 1320 cantabrigiensem
805 1249 835 1303 ct
857 1245 955 1321 ipsum
979 1245 1010 1303 in
1029 1241 1112 1304 Italia

97 1334 242 1410 scriptum
270 1325 312 1415 (r.
335 1331 396 1392 (lat.
420 1331 454 1391 ol
473 1331 524 1391 tbe
547 1349 617 1391 mss.
641 1331 675 1391 oi
699 1331 750 1391 the
773 1333 853 1392 univ.
877 1332 911 1391 ol
936 1330 1112 1410 Cambridge

96 1419 135 1480 III
153 1439 182 1498 p.
203 1413 275 1503 82),
299 1421 352 1499 qui
370 1419 440 1480 olim
459 1420 517 1479 luit
533 1418 656 1480 loannis
675 1418 751 1480 Mori
770 1422 903 1499 episcopi
921 1419 1113 1480 Nor-vicensis

96 1502 160 1591 (no.
179 1501 252 1590 53),
275 1507 396 1568 exbibet
418 1507 574 1585 catalogus
597 1507 743 1568 librorum
765 1516 912 1569 mstorum
935 1509 1057 1586 angliae
1080 1510 1112 1570 ia

96 1613 191 1656 unum
219 1595 333 1655 collect.
356 1595 410 1654 Ox.
438 1591 617 1656 169lt.11
643 1614 672 1674 p.
695 1592 761 1656 363
792 1604 865 1656 tunc
891 1597 1112 1678 „pulcherrime

96 1681 301 1762 descrIptum“
328 1701 409 1744 nunc
431 1682 552 1743 madore
581 1683 644 1742 lere
670 1683 802 1744 deletum
825 1691 859 1744 nt
881 1687 930 1744 vix
953 1685 1034 1764 legas
1056 1703 1112 1746 nec

95 1775 154 1834 nisi
182 1770 367 1851 reliquorum
395 1771 533 1832 codicum
560 1790 616 1850 ope
648 1771 764 1832 litteras
797 1789 885 1850 saepe
918 1782 1112 1834 evanescente

95 1862 257 1923 discernas.
304 1867 465 1939 utrumque
494 1862 699 1922 testimouium
731 1863 844 1922 notavit
875 1859 1031 1924 Fabricius
1063 1855 1110 1945 (B.

95 1949 144 2010 Gr.
164 1947 213 2029 III,
233 1941 323 2032 322),
347 1956 476 2010 attamen
495 1949 593 2027 Ipsum
612 1955 728 2009 textum
744 1941 865 2031 (utpote
882 1944 1111 2034 „translatnm“)

95 2056 183 2100 nemo
206 2039 350 2118 inspexit,
377 2047 530 2100 auctorem
553 2036 684 2098 Felicem
706 2037 895 2100 confundunt
917 2057 986 2100 cum
1010 2039 1111 2099 Cassio

94 2126 305 2205 iatrosopbista
333 2127 446 2187 Graeco
474 2125 691 2204 problematum
719 2128 866 2206 scriptore
896 2127 982 2205 plane
1006 2127 1110 2187 alieno.

95 2218 214 2276 cautius
240 2214 461 2296 „Bibliothecae
489 2209 641 2274 medicae“
659 2214 797 2276 conditor
815 2217 1036 2276 vetustissimus
1059 2214 1110 2274 Pa-

98 2303 233 2364 schasius
256 2302 357 2364 Gallus
380 2296 461 2385 (Bas.
483 2299 569 2365 1590
592 2320 620 2380 p.
640 2299 696 2382 56,
720 2301 799 2364 unde
824 2321 877 2363 sua
899 2302 924 2363 J.
944 2302 976 2364 G.
999 2301 1110 2363 Seben-

96 2389 182 2451 clius
210 2409 226 2451 a
253 2391 457 2471 Gravenbcrg‚
483 2389 578 2450 Biblia
605 2392 709 2451 iatrioa
739 2407 761 2450 s.
789 2390 862 2451 Bibl.
892 2390 969 2450 med.
1006 2399 1109 2452 macta.

95 2478 155 2539 Fri.
178 2475 262 2540 1609
287 2497 309 2539 s.
333 2473 375 2562 v.)
397 2478 536 2560 „Cassius
560 2477 642 2538 Felix
671 2478 791 2557 qnidam
818 2479 975 2558 aliquoties
1001 2481 1111 2540 citatur

94 2569 126 2628 in
145 2567 300 2646 pandectis
322 2568 447 2628 medicis
465 2565 591 2646 blatthpi
609 2566 758 2646 Sylvatioi.
792 2586 881 2649 manu
900 2567 979 2629 illius
999 2569 1110 2648 sorIpta

95 2655 192 2716 adhuc
216 2664 332 2718 exstare
355 2655 465 2718 alicubi
488 2647 715 2738 coniicitur“.*)

185 2741 248 2822 Ego
272 2743 406 2805 CassIum
430 2745 518 2805 edere
542 2746 684 2804 eonstItui
709 2744 779 2804 inde
803 2742 839 2804 ab
863 2763 888 2805 a.
914 2741 1007 2805 1856.
1053 2744 1110 2804 hoe

95 2833 276 2892 colmanno
303 2841 461 2912 postquam
488 2835 546 2893 iter
568 2833 736 2893 Parisinum
759 2831 884 2892 moliens
913 2850 948 2891 ex
972 2831 1110 2910 Catalogo

94 2923 242 2999 impresso
270 2914 355 3002 (bibl.
379 2940 440 3000 reg.
463 2921 528 2982 Par.
554 2918 640 2981 1744
667 2919 720 3000 ul,
746 2914 827 3003 204)
854 2921 990 2980 notitiam
1019 2918 1111 2981 babui

165 3110 191 3178 *)
210 3125 263 3178 pro
293 3108 374 3163 Gallo
398 3108 472 3163 male
491 3106 608 3162 Gesneri
625 3106 833 3164 Bibliothecam
856 3106 955 3162 altarii
973 3107 1013 3163 Le
1032 3107 1110 3163 Claro

93 3179 160 3235 hist.
186 3179 221 3234 de
243 3179 273 3234 lo
297 3179 369 3236 med.
396 3185 464 3234 1729
487 3179 513 3247 I,
536 3183 589 3233 423
609 3208 642 3218 -
666 3177 803 3233 Gesnerus
825 3177 897 3234 enim
940 3178 971 3232 ui
988 3178 1019 3232 in
1036 3177 1109 3247 Bihl.

93 3251 168 3305 inter
183 3265 230 3306 eos
249 3266 282 3304 ex
297 3250 397 3318 quibus
411 3247 539 3304 hauserit
547 3249 648 3304 matth.
660 3247 819 3318 sylvaticos
829 3247 917 3303 Cassii
949 3247 1029 3304 elicis
1044 3249 1110 3304 eim·

93 3319 207 3390 pliciter
229 3337 330 3374 nomen
352 3320 461 3390 posuit,
486 3319 526 3374 sio
548 3319 637 3374 habet
657 3319 688 3373 in
710 3318 786 3374 notis
808 3319 845 3373 ad
866 3317 955 3374 Cassii
972 3320 1109 3388 problem.

94 3391 156 3514 lig.
174 3396 242 3446 1562
261 3409 288 3460 p.
306 3396 341 3446 bo
360 3391 427 3459 „sed
446 3392 476 3446 et
494 3389 583 3445 Cassii
599 3389 700 3444 Felicis
718 3388 821 3445 medici
835 3389 929 3444 Latini
942 3407 1044 3446 nomen
1058 3389 1110 3444 ali·

94 3479 128 3516 cn
149 3461 160 3516 i
178 3461 248 3532 legi,
267 3478 319 3516 nec
337 3461 479 3517 memini‘.
