2588 4028
561 259 802 325 -170-

169 405 290 485 iactam,
312 413 382 486 post
404 423 497 468 unum
520 404 566 466 vel
589 405 665 467 duos
688 405 751 467 dies
775 407 801 466 si
828 406 905 466 torte
930 413 1032 467 venter
1055 423 1072 466 a
1095 405 1184 468 solito

169 495 268 556 olilcio
300 494 492 576 abstinuerit,
530 493 655 574 clystere
689 492 938 556 subdeducendus
975 497 1033 556 erit
1065 513 1102 555 ex
1135 493 1185 557 de·
1233 484 1238 496 ’

169 585 304 644 coctione
332 581 543 663 coloquinttdis
570 589 601 644 et
627 583 713 644 betae
742 592 772 644 et
795 581 928 644 caumbrt
952 599 1020 643 cum
1044 583 1185 645 melleet

168 671 234 732 oleo
260 671 356 733 veteri
383 677 414 732 et
436 671 593 732 'atronitro
640 677 729 733 erunt
760 679 915 752 praeterea
948 670 1062 733 duabus
1095 669 1184 733 ebdo-

141 759 262 820 ⁵madis
285 762 317 820 in
339 759 449 821 lectulo
468 757 668 842 custodiendi,
691 769 721 821 at
743 764 832 840 caput
854 757 993 820 embrcce
1018 757 1184 822 curandum

168 865 205 909 ex
227 865 349 910 rosaceo
372 855 403 909 et
433 855 530 929 aceto,
558 847 637 928 quod
665 847 849 929 oxyrodinon
877 855 996 931 vocant,
1025 846 1183 928 aliquando

168 945 199 998 et
225 945 360 998 castoreo
388 935 532 1019 admixto,
563 939 689 997 maxime
718 939 744 998 si
775 936 852 997 lorte
884 935 982 997 hieme
1015 939 1183 1016 contigerit.

168 1023 220 1086 sed
248 1031 367 1105 oportet
394 1033 462 1085 aute
490 1031 579 1104 caput
605 1027 740 1106 pressius
768 1023 930 1085 detondere
960 1027 1057 1086 etsie
1081 1041 1182 1086 curam

167 1113 225 1192 ipsi
257 1113 346 1192 capiti
377 1111 526 1174 adbibere.
572 1121 603 1174 et
633 1121 790 1193 postquam
823 1111 1056 1194 embrocaveris,
1092 1121 1182 1193 caput

127 1215 154 1253 10
166 1199 244 1281 pileo
272 1202 398 1281 operies.
439 1209 507 1281 post
534 1199 607 1262 haec
636 1203 822 1263 summitates
849 1217 991 1262 manuum
1015 1209 1045 1262 et
1072 1201 1183 1282 pedum

167 1289 233 1350 oleo
255 1291 350 1350 veteri
373 1297 424 1350 aut
451 1291 583 1370 sicyonio
611 1307 782 1370 perunguas
810 1297 840 1350 et
868 1291 1051 1351 tenuissimis
1079 1305 1113 1352 ac
1142 1289 1182 1352 le-

166 1377 299 1439 vioribus
323 1378 452 1439 fasciolis
475 1377 587 1458 ligabis.
626 1381 713 1440 etiam
737 1383 767 1438 ct
788 1381 916 1440 castorei
937 1377 961 1449 3
983 1376 996 1438 Ι
1018 1381 1127 1440 ieiunis
1150 1380 1181 1439 in
1288 1391 1289 1434 1

166 1469 286 1546 potione
315 1485 408 1546 aquae
436 1464 549 1528 mulsae
578 1465 674 1549 dabis,
702 1465 893 1546 singulariter
916 1474 967 1528 aut
995 1465 1181 1529 foliisrutae

167 1554 303 1616 hortinae
328 1555 499 1617 admixtum.
761 1570 765 1577 ’

126 1656 153 1696 1⁵
257 1646 285 1705 si
313 1659 384 1704 vero
408 1643 464 1705 snb
487 1641 699 1705 melancholico
726 1643 853 1705 humore
877 1661 946 1705 cum
974 1645 1182 1706 insomnietate

166 1733 258 1793 luerit
277 1733 389 1813 passio,
413 1731 555 1812 epithymi
577 1731 781 1794 decoctionem
804 1731 920 1794 diurnis
944 1729 1049 1794 diebus
1072 1735 1183 1794 ieiunis

166 1819 250 1881 dabis
269 1829 320 1882 aut
338 1819 385 1880 die
404 1821 484 1890 inter
502 1820 590 1881 diem.
626 1819 785 1900 posthaec
805 1821 1009 1902 vespertinum
1032 1820 1182 1882 lavacrum

166 1907 328 1968 adhibebis.
370 1909 416 1967 sin
444 1925 513 1968 vero
542 1905 598 1968 sub
627 1925 727 1968 crasso
754 1908 801 1969 vel
832 1911 1024 1970 tenacissimo
1056 1907 1182 1971 humore

166 1995 257 2055 luerit
279 1995 392 2076 passio,
415 1994 531 2074 oxymal
554 1995 662 2056 ieiunis
686 1992 769 2056 dabis
788 2015 825 2058 ex
843 2016 935 2078 ysopo
954 2005 985 2058 et
1007 1997 1180 2078 peucedano

125 2095 153 2134 2⁰
166 2089 197 2143 et
218 2081 318 2162 puleio
337 2089 368 2144 et
386 2083 508 2163 origano
527 2084 706 2146 conlectum.
745 2102 801 2146 nec
824 2103 885 2146 non
908 2087 998 2147 etiam
1021 2094 1051 2147 et
1074 2105 1181 2148 cucur·
1287 2083 1288 2108 ¹

165 2170 242 2232 bitas
275 2173 358 2233 cuias
390 2169 420 2232 id
453 2181 499 2234 est
531 2169 632 2254 <levi>
665 2191 734 2234 cum
770 2177 955 2254 appositione
988 2173 1118 2236 deduces
1149 2177 1182 2235 in
1286 2233 1287 2252 ἶ

166 2263 270 2340 primis
289 2259 425 2342 spondyli
447 2261 513 2324 loco
532 2269 563 2323 et
582 2263 684 2342 spinae
709 2269 739 2323 et
760 2261 884 2344 lumbis,
908 2263 1068 2324 novissimo
1092 2265 1182 2324 etiam
1285 2253 1287 2294 l

237 2429 465 2499 11.v01.11.p.
538 2431 658 2488 acolito
678 2431 771 2488 officio
785 2441 820 2501 pa
840 2431 935 2488 soluto
953 2430 1048 2488 officii
1067 2449 1089 2489 c.
1162 2437 1178 2488 2

165 2499 271 2554 clistcri
289 2516 311 2554 c.
403 2507 419 2554 3
439 2501 631 2570 coloquintide
654 2521 695 2573 cp.
789 2503 1054 2574 soleinntatis),
1079 2504 1138 2558 -ri
1156 2521 1181 2560 c.

165 2587 195 2640 at
212 2586 358 2642 affronitro
371 2591 454 2644 erunt
470 2571 572 2646 dltoice
589 2591 616 2648 d.
636 2607 659 2646 e.
675 2607 711 2660 p,
730 2593 759 2646 at
772 2590 841 2647 effa?
859 2593 957 2663 pterea
975 2591 1002 2646 d.
1022 2610 1045 2648 a.
1068 2610 1090 2649 a.
1164 2599 1180 2647 5

164 2657 294 2712 embrocs
307 2674 343 2727 p,
360 2657 484 2715 embrica
503 2675 527 2716 c.
611 2663 710 2732 (caput
724 2701 730 2716 .
745 2705 751 2718 .
768 2665 786 2728 .)
805 2663 922 2718 curandi
939 2679 981 2733 op.
1072 2663 1181 2720 tfotte

164 2744 215 2783 cm.
232 2745 260 2798 p.
333 2729 474 2801 contingit
486 2747 527 2800 op.
611 2737 680 2787 821‘1
694 2734 782 2802 (ente)
797 2749 824 2789 a:
843 2735 895 2789 ant
908 2751 939 2804 p.
1012 2735 1041 2789 et
1059 2733 1181 2790 siccund-

165 2797 216 2924 dip
235 2803 291 2870 quo
310 2800 409 2872 expias
427 2801 561 2858 adbibere
580 2819 602 2860 c.
674 2809 690 2858 9
709 2804 885 2860 ambrocebis
899 2821 922 2860 a.
997 2810 1030 2860 10
1048 2805 1135 2875 pilleo
1148 2823 1180 2875 p,

163 2887 247 2994 paen
262 2887 283 2927 c.
357 2873 448 2942 operis
458 2890 498 2943 cp.
570 2873 588 2930 i.
602 2873 737 2930 articulos
751 2875 815 2930 add.
826 2891 849 2946 p
863 2875 940 2945 (post
953 2875 1077 2946 pedum).
1146 2881 1181 2930 12

176 2942 288 2998 esciolis
310 2941 415 3014 ligabis
433 2961 469 3013 p:
493 2944 625 3001 lascinbis
648 2961 670 3001 a.
797 2947 883 3002 etiam
908 2948 949 3002 et:
974 2945 1013 3002 Et
1039 2947 1126 3002 ctiam
1147 2963 1179 3017 p,

165 3012 251 3068 etiam
270 3029 292 3068 c.
379 3019 412 3068 13
431 3017 494 3072 ruta
515 3017 605 3072 ortine
623 3031 664 3086 ap.
753 3021 786 3071 tc
805 3015 936 3088 epithimi
955 3015 1065 3088 (apithn
1079 3019 1113 3088 p)
1134 3019 1182 3074 de·

164 3083 292 3137 coctione
310 3099 351 3153 cp.
443 3086 548 3141 diurnis
567 3105 593 3143 c:
612 3086 750 3142 dinturnis
763 3103 794 3156 p.
886 3095 919 3144 17
932 3087 1129 3158 uespertinum
1143 3105 1181 3158 p:

164 3151 330 3207 intestinum
349 3155 410 3223 (orn.
430 3155 497 3226 lav.)
516 3174 538 3212 c.
612 3163 646 3214 18
664 3157 827 3213 tenuissimo
847 3174 869 3214 c.
944 3165 976 3213 19
1000 3175 1035 3214 ax
1052 3158 1133 3230 isopo
1151 3175 1181 3215 c:

164 3225 194 3277 et
209 3238 296 3292 ysopo
310 3239 341 3292 p.
427 3227 583 3294 penoidnuo
602 3244 643 3298 cp.
729 3235 764 3283 20
782 3247 809 3284 n.
828 3247 856 3284 n.
875 3245 900 3284 c.
919 3231 949 3284 et
967 3229 1141 3286 cucurbitam
1159 3230 1180 3286 i.
1282 3241 1283 3254 ¹

164 3293 242 3347 cusas
264 3294 311 3361 (cs.
332 3293 404 3349 Cael.
427 3296 499 3353 Aur.
525 3315 556 3367 p.
576 3303 639 3354 575.
658 3304 725 3356 297.
743 3303 778 3355 31
798 3306 850 3370 sq.)
873 3304 908 3354 ci
931 3299 1109 3370 appositione
1133 3300 1181 3355 de-

164 3362 242 3418 ducis
269 3369 282 3418 i
305 3361 392 3434 p⁹m1e
419 3383 446 3436 c,
479 3385 506 3452 n:
522 3387 557 3452 ‚¹¹¹
582 3385 605 3424 e.
634 3371 663 3425 et
690 3370 767 3426 cuias
797 3371 917 3456 apponis
943 3370 1054 3454 ipfimis
1077 3388 1100 3441 p
1131 3373 1181 3439 (cf.

163 3437 276 3561 &⁸330
295 3439 544 3578 (stellplpondlm
562 3439 640 3496 locus
660 3458 687 3510 c,
707 3441 911 3512 spondihorum
929 3443 997 3498 tucn
1011 3457 1043 3511 p.
1129 3457 1181 3498 no·
