2588 4028
500 215 742 280 -135-

113 359 272 438 clysterem
295 360 476 420 retinuerint
498 367 699 440 aegrotantes,
730 360 817 420 simul
840 370 870 422 et
893 363 1006 422 ventris
1029 362 1126 423 officio

113 455 234 529 negato,
261 455 381 527 oportet
410 466 446 507 ex
473 447 604 508 folliculo
632 450 739 508 aerarii
762 467 863 509 curam
891 449 1044 530 adbibere,
1067 469 1126 530 quo

112 538 209 615 possit
227 554 317 615 supra
337 543 499 596 memorata
517 538 728 613 intestinorum
748 537 888 598 tertinulo
904 540 964 598 sive
983 538 1126 599 involutio

112 632 236 703 accepto
255 632 344 685 vento
363 624 509 702 replicari.
547 632 576 684 et
593 625 627 685 lit
650 624 708 685 hoe
726 625 823 686 modo.
860 628 998 687 intestina
1016 626 1126 688 bubula

112 731 254 786 mensura
278 711 372 772 cubiti
394 715 484 773 unius
507 712 611 774 tubulo
639 712 762 774 folliculi
785 713 944 793 diligenter
966 723 1066 794 sparto
1090 715 1153 776 ab⁵

111 819 173 861 uua
196 808 281 879 parte
304 798 417 879 ligabis.
456 800 592 862 similiter
613 803 723 862 iterum
746 801 868 862 alteram
892 810 1007 881 partem
1033 806 1126 882 ipsius

107 891 247 950 intestini
266 907 353 949 osseo
368 889 478 950 aulisco
497 889 656 968 colligabis,
676 898 706 950 ct
725 892 831 969 supino
850 890 999 952 schcmate
1018 894 1126 952 iacenti

108 986 233 1056 aegroto
256 979 375 1058 inicies,
398 977 551 1057 subposito
574 981 659 1058 prius
678 977 816 1038 clunibus
843 979 996 1060 cervicali,
1019 989 1050 1040 et
1071 998 1126 1059 per

90 1065 248 1146 podicem
276 1067 434 1126 eremizato
461 1057 530 1125 lo'lle
557 1074 764 1146 competenter
785 1076 907 1129 ventum
935 1067 1052 1128 iullabis
1080 1067 1125 1129 vel

109 1172 199 1234 quam
218 1153 270 1214 diu
289 1152 346 1214 sibi
364 1157 480 1234 patiens
498 1162 619 1216 ventum
634 1173 729 1234 usque
749 1155 784 1215 ad
803 1157 988 1221 stomachum
1008 1159 1124 1218 sentiat.
1139 1171 1165 1210 1⁰

108 1252 182 1304 tunc
194 1242 345 1303 auliscum
369 1242 507 1304 detrabes
527 1251 557 1304 et
576 1246 698 1324 spongia
717 1243 810 1305 calida
829 1262 970 1324 expressa
987 1245 1124 1323 podicem

108 1329 269 1404 obtrudes,
304 1338 336 1391 et
367 1349 435 1392 cum
467 1333 557 1391 nimie
585 1332 724 1393 assellare
752 1332 966 1393 desideraverit
998 1335 1124 1394 anseres.

107 1423 152 1480 sic
183 1421 262 1479 enim
289 1421 400 1499 poterit
426 1422 524 1479 omnis
552 1428 720 1481 stercorum
747 1429 879 1482 vetustas
907 1423 1053 1482 correctis
1080 1423 1123 1482 in-

108 1509 229 1568 testinis
251 1509 341 1567 uimia
364 1509 541 1568 ventositate
565 1508 691 1570 excludi.
735 1507 842 1571 debinc
864 1511 962 1570 ventri
985 1517 1016 1570 et
1038 1528 1123 1589 prae·

5 1613 6 1624 ¹
107 1596 220 1658 cordiis
239 1613 275 1656 ex
294 1595 387 1656 calida
406 1603 437 1656 et
455 1595 520 1656 oleo
540 1596 701 1656 sufficienti
718 1603 867 1674 ptygmata
885 1597 978 1656 dabis.
1011 1600 1036 1658 si
1053 1615 1123 1658 vero
1139 1611 1164 1652 1⁶

106 1686 198 1745 nimia
231 1686 349 1744 siccitas
382 1685 517 1763 corporis
549 1684 652 1763 luerit,
689 1685 778 1743 etiam
811 1702 847 1744 cx
879 1684 973 1745 calida
1000 1693 1030 1745 et
1057 1685 1123 1745 oleo

106 1775 272 1852 semicupio
296 1772 440 1852 depositis
463 1771 605 1832 embasim
629 1770 791 1832 adhibebis.

276 1930 335 1992 Lll.
372 1931 419 1992 td
442 1931 633 2012 podagram
658 1939 693 1991 et
714 1931 952 1992 arthriticum.

197 2053 252 2115 Est
270 2063 368 2115 autem
387 2053 517 2134 podagra
535 2057 666 2116 causatio
684 2056 794 2134 pedum
813 2074 974 2116 nervorum
992 2059 1122 2135 partium

105 2139 294 2222 ultimarum,
322 2160 358 2202 ex
383 2161 441 2222 qua
464 2145 610 2221 contingit
638 2143 819 2220 patientibus
842 2162 964 2222 gressus
987 2147 1122 2222 corporis
1137 2159 1162 2197 20

105 2231 253 2312 impediri.
284 2233 428 2310 ¹sequitur
451 2239 550 2291 autom
573 2229 741 2292 laborantes
764 2233 883 2309 inipso
906 2233 991 2290 initio
1015 2249 1121 2291 sensus

178 2383 339 2439 ttfelliculo
358 2400 399 2453 cp.
508 2382 610 2437 aerarii
635 2383 681 2452 (cf.
702 2381 775 2438 Ooel.
794 2399 837 2438 on.
858 2389 887 2449 3,
908 2384 985 2452 154):
1008 2382 1081 2437 orari
1099 2399 1121 2452 c,

104 2455 193 2540 h{tori
206 2478 243 2542 12⁰
262 2473 323 2542 (noi
339 2474 369 2526 bo
388 2488 422 2526 etc
440 2473 529 2540 corn).
616 2477 632 2524 3
650 2471 846 2526 intestinorum
859 2488 895 2540 p:
914 2487 964 2526 om.
985 2487 1006 2527 c.
1079 2471 1122 2526 iu-

103 2545 255 2600 volutacde
274 2544 409 2612 (-cione)
429 2560 450 2597 c.
546 2541 686 2597 4bubule
699 2559 730 2612 p.
816 2542 966 2597 otubnlo:
985 2543 1017 2596 in
1034 2559 1121 2613 marg.

100 2622 137 2686 ρο
154 2615 174 2670 i.
190 2613 375 2670 exsudatorio.
447 2611 578 2667 fuluculli
592 2629 614 2682 c,
632 2612 752 2668 folliculi
768 2629 799 2683 p.
871 2616 982 2683 sparto:
997 2616 1079 2683 spato
1090 2631 1122 2683 p,

104 2685 198 2756 spatio
212 2701 235 2739 c.
299 2686 405 2755 dparte
420 2699 507 2753 emp.
570 2684 672 2754 ligabis
682 2701 708 2739 ez
723 2685 857 2754 religabis
864 2701 895 2753 p.
960 2683 1121 2753 tligabisc.

102 2758 244 2812 iacentem
263 2758 392 2826 egrotum
411 2772 452 2826 cp.
538 2755 624 2810 8sub
642 2755 736 2826 posito
754 2771 795 2824 cp.
882 2754 1048 2824 dermigato
1067 2761 1122 2822 012⁰,

104 2827 250 2882 erimizeto
265 2843 296 2896 p.
381 2826 448 2881 felle
467 2841 493 2895 c,
511 2826 608 2880 follem
622 2843 654 2895 p.
735 2828 820 2880 vento
843 2841 885 2894 cp.
970 2829 1003 2877 10
1022 2823 1076 2877 sibi
1095 2840 1121 2878 c:

104 2899 175 2967 sip.
264 2897 414 2967 usquead
437 2895 612 2951 stomachum
634 2913 669 2965 p:
693 2911 744 2951 om.
764 2912 786 2950 c.
879 2900 911 2948 11
930 2893 1080 2948 detrahens
1099 2911 1121 2948 c.

103 2969 235 3038 podicem
258 2967 391 3023 obtrudes
414 2983 441 3022 c:
464 2967 597 3036 pollicem
624 2966 767 3020 obstinans
793 2964 926 3020 obtrudes
948 2980 979 3033 p.
1087 2970 1121 3018 13

104 3039 232 3094 omnium
252 3055 293 3108 op.
385 3037 519 3092 vetustius
537 3036 661 3106 corigere
680 3035 812 3090 correctis
832 3037 891 3103 laic)
911 3051 933 3090 c.
1025 3040 1060 3089 14
1079 3037 1121 3091 ei:

104 3127 138 3164 ao
152 3127 183 3179 p.
276 3115 309 3164 15
328 3107 507 3178 (sufficientia
523 3106 539 3178 Ι)
558 3106 663 3176 triginta
680 3123 703 3175 c,
722 3107 863 3176 ptigmaba
877 3123 908 3175 p.
948 3147 955 3162 .
982 3110 1016 3160 16
1036 3105 1122 3162 fuerit

104 3179 230 3251 corporis
243 3197 274 3250 p.
361 3179 448 3234 etiam
466 3176 497 3231 in
515 3177 606 3232 calida
624 3179 654 3233 et
672 3177 735 3232 oleo
748 3194 788 3247 p,
806 3180 835 3233 et
853 3177 945 3232 calida
963 3194 997 3232 ex
1016 3177 1079 3233 oleo
1098 3195 1119 3233 c.

105 3258 138 3306 tt
159 3251 313 3320 semicapio
327 3266 350 3319 c,
369 3256 537 3320 soieup1op.
611 3247 754 3318 depositos
768 3266 808 3318 cp.
882 3248 961 3303 ebusi
977 3265 1012 3318 p:
1032 3265 1081 3304 om.
1098 3266 1120 3305 c.

105 3328 139 3377 18
157 3322 203 3376 Ad
225 3321 379 3391 podagram
398 3323 427 3375 et
444 3319 593 3374 artaticam
612 3336 638 3388 c,
657 3319 697 3374 De
716 3320 829 3392 podaga
846 3319 922 3393 poda
936 3335 1010 3389 pass.
1025 3336 1047 3388 p
1067 3321 1121 3388 (Ad

103 3410 131 3462 p.
147 3396 177 3447 ot
190 3393 322 3448 arteticos
331 3393 390 3446 ind.
400 3393 442 3461 p).
517 3395 551 3444 19
561 3391 664 3459 pedum
678 3407 812 3446 nouorum
826 3407 849 3461 c,
863 3391 938 3462 ped(.
951 3433 957 3447 .
968 3433 974 3446 .
985 3391 1121 3459 ra)lorum

99 3481 122 3532 p
140 3464 189 3530 (cf.
208 3463 271 3518 Gal.
293 3463 395 3532 XIII,
414 3467 490 3530 332).
