2558 4022
513 249 732 312 ..59-

114 390 251 452 similiter
275 391 346 452 lacit
364 391 556 470 singulariter
575 400 605 452 et
628 394 676 452 ovi
693 391 853 454 columbini
871 392 970 454 album
988 401 1019 454 et
1037 401 1127 456 tenue

113 482 145 540 in
167 479 263 540 oculis
285 479 427 540 inlusum.

202 567 359 646 collyrium
368 570 663 646 superinunciorium
675 568 754 646 quod
765 568 871 630 Graeci
883 569 1129 649 yperenchriston

112 664 228 717 vocant.
265 656 336 716 lacit
354 655 392 716 ad
409 655 536 734 hypopia
553 657 584 716 id
603 664 650 718 est
670 657 779 718 livores
801 656 1042 736 palpebrarum!
1064 657 1118 734 [ci-
1139 672 1219 721 amur

112 752 201 804 culae
224 743 337 804 herbae
360 746 425 804 suci
447 743 485 803 dl
507 743 566 823 vss,
588 747 703 806 acaciae
727 743 764 806 d?
783 745 829 825 vi,
852 747 934 806 croci
957 743 993 806 df
1010 745 1046 826 11,
1069 725 1236 828 αὴ-,ὧρἕῖῗθμ

112 831 219 892 sinthii
243 833 308 892 suci
331 839 361 892 et
381 849 500 893 murrae
524 831 560 892 di
583 833 726 912 singulas,
754 836 815 913 opii
838 834 927 911 serio.
950 833 991 914 11,
1019 836 1130 896 cumani

110 919 151 978 d?
174 919 243 1000 1111,
267 937 359 998 aquae
382 920 461 998 quod
485 921 646 982 suffecerit

223 1077 313 1176 XXX.
349 1078 397 1138 Ad
421 1079 559 1140 fluxum
582 1083 771 1160 sanguinis
793 1099 834 1142 ex
857 1077 1016 1142 naribus.

203 1201 361 1280 Sanguinis
388 1221 459 1262 vero
491 1203 569 1263 liuor
599 1223 688 1282 parva
724 1203 922 1264 destillatione
953 1221 1009 1283 per
1040 1221 1128 1264 nares

183 1395 198 1444 1
219 1391 295 1460 sangi
312 1405 329 1459 9
348 1389 541 1460 (singulariter
559 1393 611 1460 cp).
703 1391 814 1446 columb
832 1407 850 1460 y
869 1389 976 1458 (-bini
990 1405 1026 1460 p,
1052 1390 1129 1444 —bi·

109 1460 186 1516 narii
205 1463 237 1528 e).
346 1466 362 1513 2
382 1459 472 1514 oeulis
490 1476 549 1529 9⁶1²·
657 1467 674 1516 3
694 1463 907 1531 superinducto}
928 1477 961 1532 cc
983 1461 1073 1529 t-riu
1086 1462 1128 1530 p).

110 1538 167 1600 qus
184 1549 203 1602 e
221 1533 254 1600 (o
269 1533 320 1599 oo·
402 1546 488 1599 unere
502 1531 627 1584 christon
639 1547 666 1599 e,
683 1533 812 1600 hypereti
822 1533 962 1600 nemun
975 1535 1039 1602 dn)-
1111 1537 1129 1586 4

109 1602 156 1658 fae
174 1619 208 1672 cc
226 1601 342 1671 (faciens
355 1602 397 1670 p).
489 1599 586 1670 ipopia
603 1617 640 1670 91)
660 1601 719 1670 (iffi
737 1603 769 1668 c).
861 1601 906 1656 bic
923 1603 1022 1668 {initur
1040 1607 1130 1656 tentas

109 1673 244 1742 amatque
262 1673 353 1740 qualis
374 1687 427 1740 per
444 1686 472 1724 ee
489 1671 554 1724 olim
571 1671 629 1737 fait
647 1671 748 1725 cedias
766 1669 955 1739 Saaqalzensts
973 1676 1014 1740 (9)
1031 1673 1130 1738 foliam

110 1745 238 1798 ultimum
263 1745 296 1796 in
313 1743 413 1796 ultima
427 1755 495 1810 paq.
514 1741 599 1808 (208)
616 1757 671 1795 aaa
688 1743 831 1808 denam,
853 1759 942 1797 carae
964 1742 1071 1810 quiden
1088 1757 1130 1795 re-

110 1815 175 1870 licto
201 1829 259 1868 noa
281 1813 339 1868 oisc*
361 1813 447 1895 triam
473 1813 559 1866 anius
586 1813 699 1866 mimae
726 1813 814 1868 lineae
841 1818 1005 1896 quanam
1030 1813 1129 1895 apollo

109 1885 1004 2036 aamtdtdlttdttnfttlttttttldtttt
1016 1884 1052 2020 t‘f
1065 1899 1130 2021 iat

109 2043 186 2082 nanc
208 2026 323 2080 babetur
347 2031 503 2093 companas
526 2025 668 2092 Salpeciae
693 2025 807 2080 Severus
830 2031 855 2080 et
877 2026 970 2092 forma
995 2030 1020 2078 et
1042 2030 1129 2078 anate

109 2099 200 2152 maior
217 2101 251 2162 (a.
271 2095 344 2163 IX).
376 2100 440 2163 poet
463 2095 661 2164 palpebrarum
685 2102 836 2165 aequantur
858 2097 891 2149 ia
910 2095 1130 2163 Oantebdyiaao

110 2184 181 2237 quac
209 2185 237 2222 a.
252 2165 347 2221 Ounno
369 2167 498 2220 videnter
520 2167 614 2219 aliem
640 2181 695 2220 erse
723 2168 782 2220 ane
804 2167 1025 2234 nummatam
1050 2165 1127 2218 boec:

110 2237 202 2293 ciente
218 2281 224 2293 .
241 2279 247 2293 .
264 2235 388 2292 ,sufficit
406 2237 475 2303 (bue
487 2251 571 2303 usqae
584 2237 667 2290 etiam
684 2237 717 2288 in
734 2235 885 2302 Parisino).
922 2235 967 2288 Ad
986 2233 1131 2289 oculorum

111 2307 287 2379 sangninem
331 2323 429 2362 sucum
452 2307 514 2360 rute
538 2305 634 2359 cimini
662 2306 806 2375 pulverem
834 2305 967 2360 albumen
990 2303 1037 2358 ovi
1060 2307 1131 2358 tem-

110 2395 182 2448 pera
208 2381 237 2433 et
260 2394 417 2461 superpone
441 2375 477 2430 ad
500 2375 577 2430 idem
599 2375 736 2431 masticen
759 2375 903 2446 fenugreci
920 2391 983 2430 rore
1001 2373 1074 2429 sicce
1093 2375 1131 2428 ci-

110 2467 221 2504 morum
243 2450 307 2503 rubr
334 2447 393 2502 hoii
416 2447 528 2516 aqualia
554 2447 681 2516 pondere
708 2446 878 2517 distempera
907 2463 970 2500 cum
998 2462 1073 2516 eque
1096 2445 1130 2500 de

109 2537 178 2575 rosa
202 2520 248 2575 fac
271 2519 464 2588 magdalionee
489 2521 518 2572 el
536 2517 611 2572 sicca
629 2517 681 2572 sub
703 2517 803 2573 umbra
825 2519 925 2588 postea
947 2519 1008 2573 tere
1032 2519 1061 2572 et
1083 2516 1132 2588 ipa

110 2590 230 2660 (ipopia)
249 2607 313 2645 cum
331 2589 446 2659 pulvere
465 2588 545 2657 pel'e.
588 2589 693 2643 lterum
711 2589 800 2659 guttis
819 2605 901 2644 cerne
918 2590 1047 2658 tempera
1067 2603 1131 2640 cum

109 2661 196 2716 melle
226 2663 255 2715 et
282 2661 343 2714 oleo
372 2660 402 2714 et
431 2675 594 2729 superpone.
635 2659 681 2714 Ad
709 2660 852 2714 oculorum
880 2659 998 2714 maculis
1024 2660 1130 2712 stercus

111 2731 190 2787 corvi
213 2733 264 2786 eut
290 2731 329 2784 sel
356 2729 474 2784 mineum
502 2747 566 2784 cum
593 2730 677 2784 melle
701 2732 730 2784 et
752 2731 811 2784 sine
834 2731 911 2784 fumo
935 2729 1018 2784 etin
1042 2727 1130 2782 oculis

111 2802 320 2871 superpositum
339 2800 464 2854 maculas
484 2801 566 2855 citius
581 2805 675 2858 ‚senat
712 2801 756 2855 Ad
775 2801 872 2856 oeulos
894 2799 942 2867 qui
960 2815 1017 2852 non
1033 2797 1132 2850 vident

109 2889 205 2958 pullos
224 2887 389 2960 hyrundinis
408 2904 471 2942 cum
486 2904 539 2942 acu
552 2887 661 2956 ciprina
678 2870 782 2956 (malua)
796 2888 825 2941 in
838 2887 937 2940 nidum
952 2883 1008 2938 suis
1021 2884 1131 2966 ceeabis

7 2993 8 2996 =
111 2959 293 3031 signabisque
318 2977 364 3014 eos
388 2961 421 3012 ut
444 2975 594 3028 cognoscas
612 2960 641 3011 et
664 2962 729 3026 post
754 2961 875 3026 quatuor
894 2956 954 3010 dies
973 2971 1036 3009 eum
1054 2955 1131 3010 vrde-

109 3030 169 3086 rint
184 3033 188 3100 Ι
206 3031 238 3098 (f.
253 3032 299 3100 71)
322 3028 450 3100 precidas
469 3045 565 3082 eorum
584 3028 678 3097 capite
696 3044 759 3081 eum
781 3027 828 3081 lici
850 3026 965 3082 cultello
988 3043 1073 3096 quem
1090 3043 1131 3082 re·

109 3118 198 3172 pones
222 3101 252 3155 in
277 3101 332 3155 ficu
357 3099 452 3169 capita
474 3115 541 3153 vero
563 3097 670 3152 incedis
694 3099 723 3151 et
744 3099 860 3168 pulvere
882 3097 957 3153 laeto
987 3097 1017 3152 in
1044 3097 1131 3154 oculis

110 3171 233 3227 stillabis
257 3173 384 3241 protinus
402 3169 494 3225 visum
519 3167 652 3224 restituit.
688 3167 759 3240 (δερ.
777 3185 837 3240 cap.
856 3175 915 3240 30.)
1022 3175 1038 3223 5
1057 3175 1093 3224 oc
1108 3187 1132 3235 c,

112 3255 144 3320 δ’ὁ
163 3261 193 3329 (i.
212 3277 234 3316 a
257 3277 319 3315 cere
332 3275 388 3328 pro
406 3251 438 3316 bb
459 3283 492 3304 =
512 3258 597 3327 croci)
615 3274 646 3326 p.
720 3259 824 3314 emine
850 3276 892 3328 cp.
964 3261 1008 3313 ab.
1027 3261 1045 3320 5
1063 3257 1084 3313 I.
1099 3273 1130 3326 p.

112 3349 172 3419 opii
195 3341 220 3439 Ξ.
239 3348 253 3402 Ι
270 3349 335 3415 (eie)
344 3365 375 3418 p.
449 3347 546 3402 cimini
555 3363 585 3416 p,
605 3345 672 3400 erffir
686 3362 708 3402 c.
782 3354 885 3416 inqua
899 3363 920 3402 c.
994 3345 1073 3402 suffic
1089 3361 1130 3412 cp.

113 3446 130 3496 8
150 3455 184 3494 ex
202 3436 319 3492 naribus
342 3453 368 3490 c=
392 3451 477 3505 emp
504 3434 559 3504 (Ad
580 3433 690 3488 narium
713 3435 858 3505 sanguinis
880 3435 985 3488 fluxum
1008 3434 1066 3488 iod.
1088 3435 1130 3499 p).

114 3517 130 3565 9
150 3507 335 3564 distillatione
355 3523 370 3562 e
387 3507 496 3574 (Petrjr
516 3505 734 3561 destinationem
748 3523 778 3574 p.
