<?xml version="1.0" encoding="UTF-8"?>
<!DOCTYPE html PUBLIC "-//W3C//DTD XHTML 1.0 Transitional//EN"
    "http://www.w3.org/TR/xhtml1/DTD/xhtml1-transitional.dtd">
<html xmlns="http://www.w3.org/1999/xhtml" xml:lang="en" lang="en">
 <head>
  <title>
</title>
<meta http-equiv="Content-Type" content="text/html;charset=utf-8" />
  <meta name='ocr-system' content='tesseract 3.04.00' />
  <meta name='ocr-capabilities' content='ocr_page ocr_carea ocr_par ocr_line ocrx_word'/>
</head>
<body>
  <div class='ocr_page' id='page_1' title='image "./cassiifelicisde00feligoog_0142.png"; bbox 0 0 2588 4028; ppageno 0'>
   <div class='ocr_carea' id='block_1_1' title="bbox 505 236 747 300">
    <p class='ocr_par' dir='ltr' id='par_1_1' title="bbox 505 236 747 300">
     <span class='ocr_line' id='line_1_1' title="bbox 505 236 747 300; baseline 0.004 -1"><span class='ocrx_word' id='word_1_1' title='bbox 505 236 747 300; x_wconf 83' lang='lat'>-121-</span> 
     </span>
    </p>
   </div>
   <div class='ocr_carea' id='block_1_2' title="bbox 112 380 1154 1075">
    <p class='ocr_par' dir='ltr' id='par_1_2' title="bbox 112 380 1154 988">
     <span class='ocr_line' id='line_1_2' title="bbox 116 380 1127 462; baseline 0.006 -24"><span class='ocrx_word' id='word_1_2' title='bbox 116 382 252 457; x_wconf 88' lang='lat' dir='ltr'><strong>sequitur</strong></span> <span class='ocrx_word' id='word_1_3' title='bbox 279 388 378 440; x_wconf 89' lang='lat' dir='ltr'><strong>autem</strong></span> <span class='ocrx_word' id='word_1_4' title='bbox 406 382 437 439; x_wconf 93' lang='lat' dir='ltr'><strong>in</strong></span> <span class='ocrx_word' id='word_1_5' title='bbox 465 381 603 458; x_wconf 79' lang='lat' dir='ltr'>passione</span> <span class='ocrx_word' id='word_1_6' title='bbox 636 381 813 440; x_wconf 89' lang='lat' dir='ltr'><strong>constitutus</strong></span> <span class='ocrx_word' id='word_1_7' title='bbox 840 380 1033 444; x_wconf 87' lang='lat' dir='ltr'><strong>articulorum</strong></span> <span class='ocrx_word' id='word_1_8' title='bbox 1060 401 1127 462; x_wconf 87' lang='lat' dir='ltr'><strong>per·</strong></span> 
     </span>
     <span class='ocr_line' id='line_1_3' title="bbox 115 467 1128 547; baseline 0.006 -21"><span class='ocrx_word' id='word_1_9' title='bbox 115 468 215 528; x_wconf 79' lang='lat' dir='ltr'><strong>frictio</strong></span> <span class='ocrx_word' id='word_1_10' title='bbox 239 476 270 528; x_wconf 90' lang='lat' dir='ltr'><strong>et</strong></span> <span class='ocrx_word' id='word_1_11' title='bbox 291 471 422 546; x_wconf 85' lang='lat' dir='ltr'><strong>parvitas</strong></span> <span class='ocrx_word' id='word_1_12' title='bbox 444 467 564 547; x_wconf 86' lang='lat' dir='ltr'><strong>pulsus,</strong></span> <span class='ocrx_word' id='word_1_13' title='bbox 585 469 663 546; x_wconf 90' lang='lat' dir='ltr'><strong>iugis</strong></span> <span class='ocrx_word' id='word_1_14' title='bbox 685 469 813 528; x_wconf 81' lang='lat' dir='ltr'><strong>uomitus</strong></span> <span class='ocrx_word' id='word_1_15' title='bbox 832 487 900 529; x_wconf 92' lang='lat' dir='ltr'><strong>cum</strong></span> <span class='ocrx_word' id='word_1_16' title='bbox 918 472 1128 532; x_wconf 89' lang='lat' dir='ltr'><strong>intestinorum</strong></span> 
     </span>
     <span class='ocr_line' id='line_1_4' title="bbox 113 554 1127 638; baseline 0.002 -22"><span class='ocrx_word' id='word_1_17' title='bbox 113 565 280 636; x_wconf 87' lang='lat' dir='ltr'><strong>tormento,</strong></span> <span class='ocrx_word' id='word_1_18' title='bbox 320 564 352 616; x_wconf 88' lang='lat' dir='ltr'><strong>et</strong></span> <span class='ocrx_word' id='word_1_19' title='bbox 384 557 498 616; x_wconf 85' lang='lat' dir='ltr'><strong>ventris</strong></span> <span class='ocrx_word' id='word_1_20' title='bbox 530 554 638 616; x_wconf 91' lang='lat' dir='ltr'><strong>solutio</strong></span> <span class='ocrx_word' id='word_1_21' title='bbox 670 573 704 616; x_wconf 91' lang='lat' dir='ltr'><strong>ac</strong></span> <span class='ocrx_word' id='word_1_22' title='bbox 736 556 881 618; x_wconf 78' lang='lat' dir='ltr'><strong>stomachi</strong></span> <span class='ocrx_word' id='word_1_23' title='bbox 912 576 980 618; x_wconf 90' lang='lat' dir='ltr'><strong>cum</strong></span> <span class='ocrx_word' id='word_1_24' title='bbox 1008 561 1127 638; x_wconf 84' lang='lat' dir='ltr'><strong>pruritu</strong></span> 
     </span>
     <span class='ocr_line' id='line_1_5' title="bbox 113 643 1127 723; baseline 0.004 -21"><span class='ocrx_word' id='word_1_25' title='bbox 113 646 238 704; x_wconf 84' lang='lat' dir='ltr'><strong>ventris.</strong></span> <span class='ocrx_word' id='word_1_26' title='bbox 290 644 420 704; x_wconf 87' lang='lat' dir='ltr'><strong>eflicitur</strong></span> <span class='ocrx_word' id='word_1_27' title='bbox 456 662 491 703; x_wconf 84' lang='lat' dir='ltr'><strong>ex</strong></span> <span class='ocrx_word' id='word_1_28' title='bbox 529 643 715 704; x_wconf 81' lang='lat' dir='ltr'><strong>antecedenti</strong></span> <span class='ocrx_word' id='word_1_29' title='bbox 746 644 943 723; x_wconf 81' lang='lat' dir='ltr'><strong>indigestione</strong></span> <span class='ocrx_word' id='word_1_30' title='bbox 975 655 1026 707; x_wconf 89' lang='lat' dir='ltr'><strong>aut</strong></span> <span class='ocrx_word' id='word_1_31' title='bbox 1059 647 1127 708; x_wconf 93' lang='lat' dir='ltr'><strong>mali</strong></span> 
     </span>
     <span class='ocr_line' id='line_1_6' title="bbox 112 731 1154 814; baseline 0.004 -22"><span class='ocrx_word' id='word_1_32' title='bbox 112 731 321 793; x_wconf 80' lang='lat' dir='ltr'><strong>medicaminis</strong></span> <span class='ocrx_word' id='word_1_33' title='bbox 340 739 458 810; x_wconf 89' lang='lat' dir='ltr'><strong>accepta</strong></span> <span class='ocrx_word' id='word_1_34' title='bbox 477 734 607 811; x_wconf 92' lang='lat' dir='ltr'><strong>potione.</strong></span> <span class='ocrx_word' id='word_1_35' title='bbox 644 740 675 793; x_wconf 89' lang='lat' dir='ltr'><strong>et</strong></span> <span class='ocrx_word' id='word_1_36' title='bbox 692 731 791 793; x_wconf 84' lang='lat' dir='ltr'><strong>differt</strong></span> <span class='ocrx_word' id='word_1_37' title='bbox 809 751 825 792; x_wconf 94' lang='lat' dir='ltr'><strong>a</strong></span> <span class='ocrx_word' id='word_1_38' title='bbox 844 733 967 814; x_wconf 86' lang='lat' dir='ltr'><strong>diarria,</strong></span> <span class='ocrx_word' id='word_1_39' title='bbox 990 737 1154 814; x_wconf 83' lang='lat' dir='ltr'><strong>quoniam⁵</strong></span> 
     </span>
     <span class='ocr_line' id='line_1_7' title="bbox 112 819 1128 900; baseline 0.003 -19"><span class='ocrx_word' id='word_1_40' title='bbox 112 819 266 881; x_wconf 90' lang='lat' dir='ltr'><strong>cholerica</strong></span> <span class='ocrx_word' id='word_1_41' title='bbox 296 822 396 900; x_wconf 78' lang='lat' dir='ltr'><strong>passio</strong></span> <span class='ocrx_word' id='word_1_42' title='bbox 425 821 502 881; x_wconf 90' lang='lat' dir='ltr'><strong>sicut</strong></span> <span class='ocrx_word' id='word_1_43' title='bbox 533 819 661 881; x_wconf 87' lang='lat' dir='ltr'><strong>diximus</strong></span> <span class='ocrx_word' id='word_1_44' title='bbox 688 839 743 900; x_wconf 91' lang='lat' dir='ltr'><strong>per</strong></span> <span class='ocrx_word' id='word_1_45' title='bbox 770 830 905 882; x_wconf 86' lang='lat' dir='ltr'><strong>ventrem</strong></span> <span class='ocrx_word' id='word_1_46' title='bbox 937 822 1067 884; x_wconf 87' lang='lat' dir='ltr'><strong>eflicitur</strong></span> <span class='ocrx_word' id='word_1_47' title='bbox 1098 833 1128 884; x_wconf 90' lang='lat' dir='ltr'><strong>et</strong></span> 
     </span>
     <span class='ocr_line' id='line_1_8' title="bbox 112 907 712 988; baseline 0.003 -21"><span class='ocrx_word' id='word_1_48' title='bbox 112 910 228 968; x_wconf 91' lang='lat' dir='ltr'><strong>vomitu</strong></span> <span class='ocrx_word' id='word_1_49' title='bbox 251 907 393 988; x_wconf 85' lang='lat' dir='ltr'><strong>plurimo,</strong></span> <span class='ocrx_word' id='word_1_50' title='bbox 416 907 523 970; x_wconf 91' lang='lat' dir='ltr'><strong>diarria</strong></span> <span class='ocrx_word' id='word_1_51' title='bbox 548 926 619 968; x_wconf 87' lang='lat' dir='ltr'><strong>vero</strong></span> <span class='ocrx_word' id='word_1_52' title='bbox 642 927 712 969; x_wconf 92' lang='lat' dir='ltr'><strong>non.</strong></span> 
     </span>
    </p>

    <p class='ocr_par' dir='ltr' id='par_1_3' title="bbox 205 995 1126 1075">
     <span class='ocr_line' id='line_1_9' title="bbox 205 995 1126 1075; baseline 0.005 -20"><span class='ocrx_word' id='word_1_53' title='bbox 205 998 235 1056; x_wconf 94' lang='lat' dir='ltr'><strong>in</strong></span> <span class='ocrx_word' id='word_1_54' title='bbox 255 995 459 1057; x_wconf 80' lang='lat' dir='ltr'><strong>curationibus</strong></span> <span class='ocrx_word' id='word_1_55' title='bbox 477 1015 548 1057; x_wconf 85' lang='lat' dir='ltr'><strong>vero</strong></span> <span class='ocrx_word' id='word_1_56' title='bbox 571 996 719 1075; x_wconf 89' lang='lat' dir='ltr'><strong>polentam</strong></span> <span class='ocrx_word' id='word_1_57' title='bbox 738 997 844 1058; x_wconf 84' lang='lat' dir='ltr'><strong>elixam</strong></span> <span class='ocrx_word' id='word_1_58' title='bbox 862 997 987 1059; x_wconf 85' lang='lat' dir='ltr'><strong>calidam</strong></span> <span class='ocrx_word' id='word_1_59' title='bbox 1009 1001 1041 1059; x_wconf 94' lang='lat' dir='ltr'><strong>in</strong></span> <span class='ocrx_word' id='word_1_60' title='bbox 1060 998 1126 1060; x_wconf 92' lang='lat' dir='ltr'><strong>ciho</strong></span> 
     </span>
    </p>
   </div>
   <div class='ocr_carea' id='block_1_3' title="bbox 8 1081 1126 1167">
    <p class='ocr_par' dir='ltr' id='par_1_4' title="bbox 8 1081 1126 1167">
     <span class='ocr_line' id='line_1_10' title="bbox 8 1081 1126 1167; baseline 0.004 -23"><span class='ocrx_word' id='word_1_61' title='bbox 8 1099 9 1114; x_wconf 61' lang='lat'>¹</span> <span class='ocrx_word' id='word_1_62' title='bbox 112 1084 198 1145; x_wconf 91' lang='lat' dir='ltr'><strong>dahis</strong></span> <span class='ocrx_word' id='word_1_63' title='bbox 230 1103 299 1145; x_wconf 90' lang='lat' dir='ltr'><strong>cum</strong></span> <span class='ocrx_word' id='word_1_64' title='bbox 327 1087 395 1145; x_wconf 87' lang='lat' dir='ltr'><strong>vino</strong></span> <span class='ocrx_word' id='word_1_65' title='bbox 426 1084 535 1145; x_wconf 90' lang='lat' dir='ltr'><strong>melino</strong></span> <span class='ocrx_word' id='word_1_66' title='bbox 567 1085 596 1145; x_wconf 93' lang='lat' dir='ltr'><strong>id</strong></span> <span class='ocrx_word' id='word_1_67' title='bbox 625 1093 672 1146; x_wconf 88' lang='lat' dir='ltr'><strong>est</strong></span> <span class='ocrx_word' id='word_1_68' title='bbox 698 1087 873 1167; x_wconf 90' lang='lat' dir='ltr'><strong>granaticio,</strong></span> <span class='ocrx_word' id='word_1_69' title='bbox 906 1081 937 1148; x_wconf 85' lang='lat' dir='ltr'><strong>e&#39;t</strong></span> <span class='ocrx_word' id='word_1_70' title='bbox 965 1087 1020 1148; x_wconf 91' lang='lat' dir='ltr'><strong>alia</strong></span> <span class='ocrx_word' id='word_1_71' title='bbox 1050 1105 1126 1167; x_wconf 90' lang='lat' dir='ltr'><strong>quae</strong></span> 
     </span>
    </p>
   </div>
   <div class='ocr_carea' id='block_1_4' title="bbox 112 1172 1167 1608">
    <p class='ocr_par' dir='ltr' id='par_1_5' title="bbox 112 1172 1167 1608">
     <span class='ocr_line' id='line_1_11' title="bbox 113 1172 1167 1238; baseline 0.003 -4"><span class='ocrx_word' id='word_1_72' title='bbox 113 1172 203 1234; x_wconf 88' lang='lat' dir='ltr'><strong>simili</strong></span> <span class='ocrx_word' id='word_1_73' title='bbox 225 1175 334 1234; x_wconf 75' lang='lat' dir='ltr'><strong>virtute</strong></span> <span class='ocrx_word' id='word_1_74' title='bbox 358 1172 472 1234; x_wconf 88' lang='lat' dir='ltr'><strong>valeant</strong></span> <span class='ocrx_word' id='word_1_75' title='bbox 499 1173 684 1236; x_wconf 88' lang='lat' dir='ltr'><strong>stomachum</strong></span> <span class='ocrx_word' id='word_1_76' title='bbox 713 1174 907 1236; x_wconf 88' lang='lat' dir='ltr'><strong>confortando</strong></span> <span class='ocrx_word' id='word_1_77' title='bbox 935 1194 1072 1238; x_wconf 89' lang='lat' dir='ltr'><strong>recreare</strong></span> <span class='ocrx_word' id='word_1_78' title='bbox 1095 1185 1167 1237; x_wconf 88' lang='lat' dir='ltr'><strong>et10</strong></span> 
     </span>
     <span class='ocr_line' id='line_1_12' title="bbox 113 1261 1125 1342; baseline 0.003 -21"><span class='ocrx_word' id='word_1_79' title='bbox 113 1264 192 1322; x_wconf 82' lang='lat' dir='ltr'><strong>vires</strong></span> <span class='ocrx_word' id='word_1_80' title='bbox 219 1263 360 1340; x_wconf 87' lang='lat' dir='ltr'><strong>patientis</strong></span> <span class='ocrx_word' id='word_1_81' title='bbox 387 1261 536 1341; x_wconf 91' lang='lat' dir='ltr'><strong>depositas</strong></span> <span class='ocrx_word' id='word_1_82' title='bbox 564 1263 689 1342; x_wconf 89' lang='lat' dir='ltr'><strong>erigere.</strong></span> <span class='ocrx_word' id='word_1_83' title='bbox 731 1262 783 1323; x_wconf 91' lang='lat' dir='ltr'><strong>sed</strong></span> <span class='ocrx_word' id='word_1_84' title='bbox 816 1265 842 1323; x_wconf 93' lang='lat' dir='ltr'><strong>si</strong></span> <span class='ocrx_word' id='word_1_85' title='bbox 874 1264 951 1324; x_wconf 90' lang='lat' dir='ltr'><strong>forte</strong></span> <span class='ocrx_word' id='word_1_86' title='bbox 983 1282 1017 1324; x_wconf 90' lang='lat' dir='ltr'><strong>ea</strong></span> <span class='ocrx_word' id='word_1_87' title='bbox 1050 1281 1125 1342; x_wconf 85' lang='lat' dir='ltr'><strong>quae</strong></span> 
     </span>
     <span class='ocr_line' id='line_1_13' title="bbox 113 1347 1126 1431; baseline 0.002 -21"><span class='ocrx_word' id='word_1_88' title='bbox 113 1352 263 1430; x_wconf 87' lang='lat' dir='ltr'><strong>acceperit</strong></span> <span class='ocrx_word' id='word_1_89' title='bbox 289 1352 410 1410; x_wconf 90' lang='lat' dir='ltr'><strong>minime</strong></span> <span class='ocrx_word' id='word_1_90' title='bbox 439 1349 608 1411; x_wconf 88' lang='lat' dir='ltr'><strong>stomachos</strong></span> <span class='ocrx_word' id='word_1_91' title='bbox 636 1354 780 1430; x_wconf 89' lang='lat' dir='ltr'><strong>tenuerit,</strong></span> <span class='ocrx_word' id='word_1_92' title='bbox 808 1351 925 1412; x_wconf 90' lang='lat' dir='ltr'><strong>modico</strong></span> <span class='ocrx_word' id='word_1_93' title='bbox 948 1347 1126 1431; x_wconf 80' lang='lat' dir='ltr'><strong>(tempore)</strong></span> 
     </span>
     <span class='ocr_line' id='line_1_14' title="bbox 112 1438 1126 1519; baseline 0.002 -21"><span class='ocrx_word' id='word_1_94' title='bbox 112 1439 290 1519; x_wconf 90' lang='lat' dir='ltr'><strong>interposito</strong></span> <span class='ocrx_word' id='word_1_95' title='bbox 317 1442 428 1499; x_wconf 91' lang='lat' dir='ltr'><strong>iterum</strong></span> <span class='ocrx_word' id='word_1_96' title='bbox 456 1440 581 1499; x_wconf 88' lang='lat' dir='ltr'><strong>reficies.</strong></span> <span class='ocrx_word' id='word_1_97' title='bbox 622 1438 679 1498; x_wconf 91' lang='lat' dir='ltr'><strong>hoc</strong></span> <span class='ocrx_word' id='word_1_98' title='bbox 706 1442 796 1500; x_wconf 89' lang='lat' dir='ltr'><strong>tertio</strong></span> <span class='ocrx_word' id='word_1_99' title='bbox 824 1439 870 1499; x_wconf 89' lang='lat' dir='ltr'><strong>vel</strong></span> <span class='ocrx_word' id='word_1_100' title='bbox 899 1447 1006 1518; x_wconf 86' lang='lat' dir='ltr'><strong>quarto</strong></span> <span class='ocrx_word' id='word_1_101' title='bbox 1036 1440 1126 1500; x_wconf 90' lang='lat' dir='ltr'><strong>facies</strong></span> 
     </span>
     <span class='ocr_line' id='line_1_15' title="bbox 113 1525 1126 1608; baseline 0.001 -21"><span class='ocrx_word' id='word_1_102' title='bbox 113 1544 271 1606; x_wconf 86' lang='lat' dir='ltr'><strong>quousque</strong></span> <span class='ocrx_word' id='word_1_103' title='bbox 292 1525 464 1586; x_wconf 87' lang='lat' dir='ltr'><strong>stomachus</strong></span> <span class='ocrx_word' id='word_1_104' title='bbox 486 1525 596 1604; x_wconf 87' lang='lat' dir='ltr'><strong>aliquid</strong></span> <span class='ocrx_word' id='word_1_105' title='bbox 620 1535 811 1604; x_wconf 90' lang='lat' dir='ltr'><strong>acceptorum</strong></span> <span class='ocrx_word' id='word_1_106' title='bbox 828 1529 968 1608; x_wconf 89' lang='lat' dir='ltr'><strong>retineat,</strong></span> <span class='ocrx_word' id='word_1_107' title='bbox 991 1547 1028 1588; x_wconf 94' lang='lat' dir='ltr'><strong>ne</strong></span> <span class='ocrx_word' id='word_1_108' title='bbox 1047 1530 1126 1588; x_wconf 86' lang='lat' dir='ltr'><strong>vires</strong></span> 
     </span>
    </p>
   </div>
   <div class='ocr_carea' id='block_1_5' title="bbox 5 1597 1166 1694">
    <p class='ocr_par' dir='ltr' id='par_1_6' title="bbox 5 1597 1166 1694">
     <span class='ocr_line' id='line_1_16' title="bbox 5 1597 1166 1694; baseline 0.001 -19"><span class='ocrx_word' id='word_1_109' title='bbox 5 1597 8 1618; x_wconf 66' lang='lat'><strong>¹</strong></span> <span class='ocrx_word' id='word_1_110' title='bbox 112 1617 294 1694; x_wconf 88' lang='lat' dir='ltr'><strong>aegrotantis</strong></span> <span class='ocrx_word' id='word_1_111' title='bbox 312 1617 429 1675; x_wconf 89' lang='lat' dir='ltr'><strong>minuto</strong></span> <span class='ocrx_word' id='word_1_112' title='bbox 453 1615 588 1693; x_wconf 91' lang='lat' dir='ltr'><strong>corporis</strong></span> <span class='ocrx_word' id='word_1_113' title='bbox 607 1615 791 1674; x_wconf 89' lang='lat' dir='ltr'><strong>nutrimento</strong></span> <span class='ocrx_word' id='word_1_114' title='bbox 809 1615 1006 1676; x_wconf 89' lang='lat' dir='ltr'><strong>insumantur.</strong></span> <span class='ocrx_word' id='word_1_115' title='bbox 1038 1618 1166 1676; x_wconf 85' lang='lat' dir='ltr'><strong>etiam1⁵</strong></span> 
     </span>
    </p>
   </div>
   <div class='ocr_carea' id='block_1_6' title="bbox 110 1701 1165 2490">
    <p class='ocr_par' dir='ltr' id='par_1_7' title="bbox 110 1701 1165 2490">
     <span class='ocr_line' id='line_1_17' title="bbox 112 1701 1127 1782; baseline -0.001 -18"><span class='ocrx_word' id='word_1_116' title='bbox 112 1713 145 1764; x_wconf 91' lang='lat' dir='ltr'><strong>et</strong></span> <span class='ocrx_word' id='word_1_117' title='bbox 173 1705 356 1764; x_wconf 87' lang='lat' dir='ltr'><strong>summitates</strong></span> <span class='ocrx_word' id='word_1_118' title='bbox 388 1719 529 1763; x_wconf 92' lang='lat' dir='ltr'><strong>manuum</strong></span> <span class='ocrx_word' id='word_1_119' title='bbox 553 1719 587 1762; x_wconf 88' lang='lat' dir='ltr'><strong>ac</strong></span> <span class='ocrx_word' id='word_1_120' title='bbox 614 1701 723 1781; x_wconf 90' lang='lat' dir='ltr'><strong>pedum</strong></span> <span class='ocrx_word' id='word_1_121' title='bbox 747 1703 912 1780; x_wconf 82' lang='lat' dir='ltr'><strong>constringi</strong></span> <span class='ocrx_word' id='word_1_122' title='bbox 935 1701 1065 1782; x_wconf 89' lang='lat' dir='ltr'><strong>iuhehis,</strong></span> <span class='ocrx_word' id='word_1_123' title='bbox 1096 1713 1127 1763; x_wconf 90' lang='lat' dir='ltr'><strong>et</strong></span> 
     </span>
     <span class='ocr_line' id='line_1_18' title="bbox 112 1788 1126 1870; baseline -0.001 -19"><span class='ocrx_word' id='word_1_124' title='bbox 112 1790 254 1852; x_wconf 82' lang='lat' dir='ltr'><strong>articulos</strong></span> <span class='ocrx_word' id='word_1_125' title='bbox 286 1793 392 1870; x_wconf 90' lang='lat' dir='ltr'><strong>pannis</strong></span> <span class='ocrx_word' id='word_1_126' title='bbox 426 1789 528 1851; x_wconf 90' lang='lat' dir='ltr'><strong>calidis</strong></span> <span class='ocrx_word' id='word_1_127' title='bbox 560 1788 714 1852; x_wconf 78' lang='lat' dir='ltr'><strong>calefacies</strong></span> <span class='ocrx_word' id='word_1_128' title='bbox 746 1797 777 1850; x_wconf 90' lang='lat' dir='ltr'><strong>et</strong></span> <span class='ocrx_word' id='word_1_129' title='bbox 803 1789 873 1850; x_wconf 92' lang='lat' dir='ltr'><strong>lana·</strong></span> <span class='ocrx_word' id='word_1_130' title='bbox 899 1789 978 1851; x_wconf 89' lang='lat' dir='ltr'><strong>molli</strong></span> <span class='ocrx_word' id='word_1_131' title='bbox 1006 1799 1126 1870; x_wconf 90' lang='lat' dir='ltr'><strong>opertos</strong></span> 
     </span>
     <span class='ocr_line' id='line_1_19' title="bbox 111 1879 1126 1961; baseline -0.002 -20"><span class='ocrx_word' id='word_1_132' title='bbox 111 1879 238 1961; x_wconf 79' lang='lat' dir='ltr'><strong>tutelis,</strong></span> <span class='ocrx_word' id='word_1_133' title='bbox 271 1887 301 1940; x_wconf 91' lang='lat' dir='ltr'><strong>et</strong></span> <span class='ocrx_word' id='word_1_134' title='bbox 333 1881 359 1940; x_wconf 89' lang='lat' dir='ltr'><strong>si</strong></span> <span class='ocrx_word' id='word_1_135' title='bbox 390 1881 514 1940; x_wconf 88' lang='lat' dir='ltr'><strong>nimium</strong></span> <span class='ocrx_word' id='word_1_136' title='bbox 542 1880 671 1939; x_wconf 88' lang='lat' dir='ltr'><strong>senserit</strong></span> <span class='ocrx_word' id='word_1_137' title='bbox 699 1879 910 1940; x_wconf 89' lang='lat' dir='ltr'><strong>intestinorum</strong></span> <span class='ocrx_word' id='word_1_138' title='bbox 935 1887 1126 1960; x_wconf 88' lang='lat' dir='ltr'><strong>tormentum,</strong></span> 
     </span>
     <span class='ocr_line' id='line_1_20' title="bbox 112 1966 1125 2048; baseline -0.001 -19"><span class='ocrx_word' id='word_1_139' title='bbox 112 1969 246 2048; x_wconf 82' lang='lat' dir='ltr'><strong>spongiis</strong></span> <span class='ocrx_word' id='word_1_140' title='bbox 265 1966 380 2028; x_wconf 92' lang='lat' dir='ltr'><strong>duabus</strong></span> <span class='ocrx_word' id='word_1_141' title='bbox 394 1986 429 2028; x_wconf 84' lang='lat' dir='ltr'><strong>ex</strong></span> <span class='ocrx_word' id='word_1_142' title='bbox 445 1966 537 2028; x_wconf 89' lang='lat' dir='ltr'><strong>calida</strong></span> <span class='ocrx_word' id='word_1_143' title='bbox 555 1985 644 2047; x_wconf 88' lang='lat' dir='ltr'><strong>posca</strong></span> <span class='ocrx_word' id='word_1_144' title='bbox 665 1969 813 2046; x_wconf 86' lang='lat' dir='ltr'><strong>expressis</strong></span> <span class='ocrx_word' id='word_1_145' title='bbox 832 1966 943 2030; x_wconf 88' lang='lat' dir='ltr'><strong>alterna</strong></span> <span class='ocrx_word' id='word_1_146' title='bbox 962 1971 1125 2030; x_wconf 89' lang='lat' dir='ltr'><strong>mutatione</strong></span> 
     </span>
     <span class='ocr_line' id='line_1_21' title="bbox 111 2055 1165 2136; baseline 0 -20"><span class='ocrx_word' id='word_1_147' title='bbox 111 2055 287 2118; x_wconf 88' lang='lat' dir='ltr'><strong>umbilicum</strong></span> <span class='ocrx_word' id='word_1_148' title='bbox 315 2055 469 2136; x_wconf 87' lang='lat' dir='ltr'><strong>vaporahis</strong></span> <span class='ocrx_word' id='word_1_149' title='bbox 497 2065 527 2116; x_wconf 90' lang='lat' dir='ltr'><strong>et</strong></span> <span class='ocrx_word' id='word_1_150' title='bbox 554 2063 623 2135; x_wconf 89' lang='lat' dir='ltr'><strong>post</strong></span> <span class='ocrx_word' id='word_1_151' title='bbox 649 2057 871 2134; x_wconf 89' lang='lat' dir='ltr'><strong>vaporationem</strong></span> <span class='ocrx_word' id='word_1_152' title='bbox 897 2055 972 2117; x_wconf 91' lang='lat' dir='ltr'><strong>lanis</strong></span> <span class='ocrx_word' id='word_1_153' title='bbox 1000 2076 1036 2116; x_wconf 85' lang='lat' dir='ltr'><strong>ex</strong></span> <span class='ocrx_word' id='word_1_154' title='bbox 1059 2057 1124 2117; x_wconf 89' lang='lat' dir='ltr'><strong>oleo</strong></span> <span class='ocrx_word' id='word_1_155' title='bbox 1139 2071 1165 2110; x_wconf 75' lang='lat'><strong>20</strong></span> 
     </span>
     <span class='ocr_line' id='line_1_22' title="bbox 111 2141 1125 2223; baseline -0.003 -17"><span class='ocrx_word' id='word_1_156' title='bbox 111 2145 223 2206; x_wconf 90' lang='lat' dir='ltr'><strong>melino</strong></span> <span class='ocrx_word' id='word_1_157' title='bbox 246 2143 346 2223; x_wconf 90' lang='lat' dir='ltr'><strong>tepido</strong></span> <span class='ocrx_word' id='word_1_158' title='bbox 369 2146 487 2222; x_wconf 91' lang='lat' dir='ltr'><strong>operies</strong></span> <span class='ocrx_word' id='word_1_159' title='bbox 511 2151 539 2202; x_wconf 92' lang='lat' dir='ltr'><strong>et</strong></span> <span class='ocrx_word' id='word_1_160' title='bbox 563 2141 709 2203; x_wconf 83' lang='lat' dir='ltr'><strong>fasciahis.</strong></span> <span class='ocrx_word' id='word_1_161' title='bbox 747 2152 777 2203; x_wconf 88' lang='lat' dir='ltr'><strong>et</strong></span> <span class='ocrx_word' id='word_1_162' title='bbox 795 2145 821 2202; x_wconf 91' lang='lat' dir='ltr'><strong>si</strong></span> <span class='ocrx_word' id='word_1_163' title='bbox 842 2145 979 2204; x_wconf 89' lang='lat' dir='ltr'><strong>nimietas</strong></span> <span class='ocrx_word' id='word_1_164' title='bbox 998 2147 1125 2203; x_wconf 87' lang='lat' dir='ltr'><strong>vomitus</strong></span> 
     </span>
     <span class='ocr_line' id='line_1_23' title="bbox 111 2229 1126 2312; baseline -0.004 -18"><span class='ocrx_word' id='word_1_165' title='bbox 111 2236 261 2312; x_wconf 87' lang='lat' dir='ltr'><strong>coegerit,</strong></span> <span class='ocrx_word' id='word_1_166' title='bbox 289 2231 475 2292; x_wconf 90' lang='lat' dir='ltr'><strong>cucurbitam</strong></span> <span class='ocrx_word' id='word_1_167' title='bbox 502 2229 648 2292; x_wconf 89' lang='lat' dir='ltr'><strong>stalticam</strong></span> <span class='ocrx_word' id='word_1_168' title='bbox 678 2229 709 2290; x_wconf 91' lang='lat' dir='ltr'><strong>id</strong></span> <span class='ocrx_word' id='word_1_169' title='bbox 737 2238 784 2290; x_wconf 91' lang='lat' dir='ltr'><strong>est</strong></span> <span class='ocrx_word' id='word_1_170' title='bbox 811 2233 1048 2291; x_wconf 86' lang='lat' dir='ltr'><strong>constrictorium</strong></span> <span class='ocrx_word' id='word_1_171' title='bbox 1080 2233 1126 2290; x_wconf 88' lang='lat' dir='ltr'><strong>ori</strong></span> 
     </span>
     <span class='ocr_line' id='line_1_24' title="bbox 110 2316 1124 2400; baseline -0.001 -20"><span class='ocrx_word' id='word_1_172' title='bbox 110 2324 225 2383; x_wconf 75' lang='lat' dir='ltr'><strong>velitris</strong></span> <span class='ocrx_word' id='word_1_173' title='bbox 249 2319 479 2400; x_wconf 85' lang='lat' dir='ltr'><strong>conglutinahis‚</strong></span> <span class='ocrx_word' id='word_1_174' title='bbox 502 2327 534 2379; x_wconf 90' lang='lat' dir='ltr'><strong>et</strong></span> <span class='ocrx_word' id='word_1_175' title='bbox 556 2318 713 2380; x_wconf 89' lang='lat' dir='ltr'><strong>omfacium</strong></span> <span class='ocrx_word' id='word_1_176' title='bbox 733 2335 802 2378; x_wconf 90' lang='lat' dir='ltr'><strong>cum</strong></span> <span class='ocrx_word' id='word_1_177' title='bbox 823 2316 1010 2397; x_wconf 86' lang='lat' dir='ltr'><strong>calidaeque</strong></span> <span class='ocrx_word' id='word_1_178' title='bbox 1033 2317 1124 2379; x_wconf 93' lang='lat' dir='ltr'><strong>dabis.</strong></span> 
     </span>
     <span class='ocr_line' id='line_1_25' title="bbox 110 2406 1125 2490; baseline -0.003 -19"><span class='ocrx_word' id='word_1_179' title='bbox 110 2419 141 2471; x_wconf 91' lang='lat' dir='ltr'><strong>et</strong></span> <span class='ocrx_word' id='word_1_180' title='bbox 184 2411 210 2469; x_wconf 91' lang='lat' dir='ltr'><strong>si</strong></span> <span class='ocrx_word' id='word_1_181' title='bbox 251 2408 346 2469; x_wconf 89' lang='lat' dir='ltr'><strong>adhuc</strong></span> <span class='ocrx_word' id='word_1_182' title='bbox 388 2407 470 2468; x_wconf 89' lang='lat' dir='ltr'><strong>cibos</strong></span> <span class='ocrx_word' id='word_1_183' title='bbox 509 2409 630 2468; x_wconf 90' lang='lat' dir='ltr'><strong>minime</strong></span> <span class='ocrx_word' id='word_1_184' title='bbox 671 2407 803 2468; x_wconf 89' lang='lat' dir='ltr'><strong>tenuerit</strong></span> <span class='ocrx_word' id='word_1_185' title='bbox 843 2406 1026 2490; x_wconf 86' lang='lat' dir='ltr'><strong>stomachus,</strong></span> <span class='ocrx_word' id='word_1_186' title='bbox 1067 2409 1125 2468; x_wconf 90' lang='lat' dir='ltr'><strong>erit</strong></span> 
     </span>
    </p>
   </div>
   <div class='ocr_carea' id='block_1_7' title="bbox 95 2628 1125 3198">
    <p class='ocr_par' dir='ltr' id='par_1_8' title="bbox 95 2628 1125 3198">
     <span class='ocr_line' id='line_1_26' title="bbox 186 2628 1123 2712; baseline 0.001 -25"><span class='ocrx_word' id='word_1_187' title='bbox 186 2639 199 2687; x_wconf 94' lang='lat'>1</span> <span class='ocrx_word' id='word_1_188' title='bbox 220 2631 405 2702; x_wconf 86' lang='lat' dir='ltr'><strong>con(9)frictio</strong></span> <span class='ocrx_word' id='word_1_189' title='bbox 424 2648 455 2701; x_wconf 87' lang='lat' dir='ltr'><strong>e,</strong></span> <span class='ocrx_word' id='word_1_190' title='bbox 474 2628 635 2700; x_wconf 75' lang='lat' dir='ltr'><strong>perfricatio</strong></span> <span class='ocrx_word' id='word_1_191' title='bbox 649 2646 680 2698; x_wconf 75' lang='lat' dir='ltr'><strong>p.</strong></span> <span class='ocrx_word' id='word_1_192' title='bbox 738 2699 744 2712; x_wconf 38' lang='lat'><strong>·</strong></span> <span class='ocrx_word' id='word_1_193' title='bbox 770 2637 786 2684; x_wconf 79' lang='lat'>2</span> <span class='ocrx_word' id='word_1_194' title='bbox 805 2646 869 2684; x_wconf 89' lang='lat' dir='ltr'><strong>cum</strong></span> <span class='ocrx_word' id='word_1_195' title='bbox 888 2647 939 2688; x_wconf 82' lang='lat' dir='ltr'><strong>orn.</strong></span> <span class='ocrx_word' id='word_1_196' title='bbox 958 2648 985 2702; x_wconf 89' lang='lat' dir='ltr'><strong>c,</strong></span> <span class='ocrx_word' id='word_1_197' title='bbox 1006 2633 1056 2688; x_wconf 80' lang='lat' dir='ltr'><strong>uhi</strong></span> <span class='ocrx_word' id='word_1_198' title='bbox 1073 2632 1123 2688; x_wconf 78' lang='lat' dir='ltr'><strong>int</strong></span> 
     </span>
     <span class='ocr_line' id='line_1_27' title="bbox 109 2702 1124 2770; baseline -0.002 -12"><span class='ocrx_word' id='word_1_199' title='bbox 109 2705 292 2760; x_wconf 82' lang='lat' dir='ltr'><strong>tormentum.</strong></span> <span class='ocrx_word' id='word_1_200' title='bbox 369 2709 438 2757; x_wconf 77' lang='lat' dir='ltr'><strong>tac</strong></span> <span class='ocrx_word' id='word_1_201' title='bbox 458 2717 485 2756; x_wconf 87' lang='lat' dir='ltr'><strong>e:</strong></span> <span class='ocrx_word' id='word_1_202' title='bbox 505 2704 581 2770; x_wconf 81' lang='lat' dir='ltr'><strong>etp.</strong></span> <span class='ocrx_word' id='word_1_203' title='bbox 655 2702 799 2770; x_wconf 79' lang='lat' dir='ltr'><strong>opotrone</strong></span> <span class='ocrx_word' id='word_1_204' title='bbox 813 2718 862 2756; x_wconf 85' lang='lat' dir='ltr'><strong>ace</strong></span> <span class='ocrx_word' id='word_1_205' title='bbox 882 2704 914 2756; x_wconf 84' lang='lat' dir='ltr'><strong>ta</strong></span> <span class='ocrx_word' id='word_1_206' title='bbox 924 2719 954 2770; x_wconf 82' lang='lat' dir='ltr'><strong>p.</strong></span> <span class='ocrx_word' id='word_1_207' title='bbox 1028 2710 1124 2758; x_wconf 87' lang='lat' dir='ltr'><strong>8rero</strong></span> 
     </span>
     <span class='ocr_line' id='line_1_28' title="bbox 109 2720 1124 2843; baseline -0.003 -14"><span class='ocrx_word' id='word_1_208' title='bbox 109 2791 161 2829; x_wconf 87' lang='lat' dir='ltr'><strong>om.</strong></span> <span class='ocrx_word' id='word_1_209' title='bbox 186 2790 208 2829; x_wconf 90' lang='lat' dir='ltr'><strong>c.</strong></span> <span class='ocrx_word' id='word_1_210' title='bbox 298 2774 445 2843; x_wconf 73' lang='lat' dir='ltr'><strong>polentam</strong></span> <span class='ocrx_word' id='word_1_211' title='bbox 468 2773 624 2842; x_wconf 82' lang='lat' dir='ltr'><strong>(pulsatum</strong></span> <span class='ocrx_word' id='word_1_212' title='bbox 647 2772 672 2841; x_wconf 90' lang='lat' dir='ltr'><strong>c)</strong></span> <span class='ocrx_word' id='word_1_213' title='bbox 697 2770 800 2826; x_wconf 79' lang='lat' dir='ltr'><strong>elixum</strong></span> <span class='ocrx_word' id='word_1_214' title='bbox 828 2720 950 2826; x_wconf 69' lang='lat' dir='ltr'><strong>calidum</strong></span> <span class='ocrx_word' id='word_1_215' title='bbox 975 2789 1017 2841; x_wconf 78' lang='lat' dir='ltr'><strong>ep.</strong></span> <span class='ocrx_word' id='word_1_216' title='bbox 1108 2781 1124 2826; x_wconf 84' lang='grc'>9</span> 
     </span>
     <span class='ocr_line' id='line_1_29' title="bbox 108 2841 1124 2914; baseline -0.001 -16"><span class='ocrx_word' id='word_1_217' title='bbox 108 2844 228 2900; x_wconf 88' lang='lat' dir='ltr'><strong>mellino</strong></span> <span class='ocrx_word' id='word_1_218' title='bbox 243 2861 277 2913; x_wconf 85' lang='lat' dir='ltr'><strong>p,</strong></span> <span class='ocrx_word' id='word_1_219' title='bbox 297 2844 403 2899; x_wconf 80' lang='lat' dir='ltr'><strong>melino</strong></span> <span class='ocrx_word' id='word_1_220' title='bbox 421 2861 444 2900; x_wconf 90' lang='lat' dir='ltr'><strong>c.</strong></span> <span class='ocrx_word' id='word_1_221' title='bbox 525 2841 681 2914; x_wconf 62' lang='lat' dir='ltr'><strong>masdeio</strong></span> <span class='ocrx_word' id='word_1_222' title='bbox 696 2859 731 2911; x_wconf 86' lang='lat' dir='ltr'><strong>p:</strong></span> <span class='ocrx_word' id='word_1_223' title='bbox 750 2857 839 2910; x_wconf 82' lang='lat' dir='ltr'><strong>grana</strong></span> <span class='ocrx_word' id='word_1_224' title='bbox 856 2841 968 2896; x_wconf 78' lang='lat' dir='ltr'><strong>triticeo</strong></span> <span class='ocrx_word' id='word_1_225' title='bbox 986 2859 1009 2897; x_wconf 91' lang='lat' dir='ltr'><strong>c.</strong></span> <span class='ocrx_word' id='word_1_226' title='bbox 1092 2849 1124 2897; x_wconf 92' lang='lat'><strong>10</strong></span> 
     </span>
     <span class='ocr_line' id='line_1_30' title="bbox 95 2911 1125 2985; baseline -0.003 -15"><span class='ocrx_word' id='word_1_227' title='bbox 95 2915 198 2970; x_wconf 54' lang='lat' dir='ltr'><strong>‘simili</strong></span> <span class='ocrx_word' id='word_1_228' title='bbox 216 2920 262 2970; x_wconf 78' lang='lat' dir='ltr'><strong>mo</strong></span> <span class='ocrx_word' id='word_1_229' title='bbox 282 2918 327 2985; x_wconf 70' lang='lat' dir='ltr'><strong>(a</strong></span> <span class='ocrx_word' id='word_1_230' title='bbox 345 2914 440 2982; x_wconf 91' lang='lat' dir='ltr'><strong>modo)</strong></span> <span class='ocrx_word' id='word_1_231' title='bbox 463 2913 568 2968; x_wconf 82' lang='lat' dir='ltr'><strong>virtute</strong></span> <span class='ocrx_word' id='word_1_232' title='bbox 590 2929 613 2967; x_wconf 90' lang='lat' dir='ltr'><strong>e.</strong></span> <span class='ocrx_word' id='word_1_233' title='bbox 722 2917 755 2965; x_wconf 80' lang='lat' dir='ltr'><strong>ta</strong></span> <span class='ocrx_word' id='word_1_234' title='bbox 779 2911 908 2966; x_wconf 76' lang='lat' dir='ltr'><strong>desuerit</strong></span> <span class='ocrx_word' id='word_1_235' title='bbox 928 2911 992 2979; x_wconf 79' lang='lat' dir='ltr'><strong>(aie)</strong></span> <span class='ocrx_word' id='word_1_236' title='bbox 1009 2927 1036 2967; x_wconf 87' lang='lat' dir='ltr'><strong>e:</strong></span> <span class='ocrx_word' id='word_1_237' title='bbox 1059 2913 1125 2967; x_wconf 85' lang='lat' dir='ltr'><strong>reti·</strong></span> 
     </span>
     <span class='ocr_line' id='line_1_31' title="bbox 108 2982 1124 3055; baseline -0.004 -14"><span class='ocrx_word' id='word_1_238' title='bbox 108 2987 241 3055; x_wconf 84' lang='lat' dir='ltr'><strong>nueritp</strong></span> <span class='ocrx_word' id='word_1_239' title='bbox 259 2987 305 3052; x_wconf 76' lang='lat' dir='ltr'><strong>(ef.</strong></span> <span class='ocrx_word' id='word_1_240' title='bbox 324 3003 348 3040; x_wconf 84' lang='lat' dir='ltr'><strong>a.</strong></span> <span class='ocrx_word' id='word_1_241' title='bbox 368 2990 425 3053; x_wconf 74' lang='lat'><em>24).</em></span> <span class='ocrx_word' id='word_1_242' title='bbox 506 2983 618 3039; x_wconf 87' lang='lat' dir='ltr'><strong>modico</strong></span> <span class='ocrx_word' id='word_1_243' title='bbox 637 2985 682 3050; x_wconf 89' lang='lat' dir='ltr'><strong>(se.</strong></span> <span class='ocrx_word' id='word_1_244' title='bbox 701 2982 838 3050; x_wconf 87' lang='lat' dir='ltr'><strong>tempore)</strong></span> <span class='ocrx_word' id='word_1_245' title='bbox 857 2983 897 3036; x_wconf 84' lang='lat' dir='ltr'><strong>eie</strong></span> <span class='ocrx_word' id='word_1_246' title='bbox 915 2997 955 3050; x_wconf 72' lang='lat' dir='ltr'><strong>cp.</strong></span> <span class='ocrx_word' id='word_1_247' title='bbox 1030 2987 1062 3037; x_wconf 86' lang='lat' dir='ltr'><strong>ts</strong></span> <span class='ocrx_word' id='word_1_248' title='bbox 1081 2999 1124 3038; x_wconf 87' lang='lat' dir='ltr'><strong>re-</strong></span> 
     </span>
     <span class='ocr_line' id='line_1_32' title="bbox 107 3051 1124 3126; baseline -0.004 -14"><span class='ocrx_word' id='word_1_249' title='bbox 107 3057 172 3112; x_wconf 88' lang='lat' dir='ltr'><strong>ficis</strong></span> <span class='ocrx_word' id='word_1_250' title='bbox 190 3059 243 3122; x_wconf 76' lang='lat' dir='ltr'><strong>(sie</strong></span> <span class='ocrx_word' id='word_1_251' title='bbox 256 3063 291 3126; x_wconf 83' lang='lat' dir='ltr'><strong>p)</strong></span> <span class='ocrx_word' id='word_1_252' title='bbox 309 3087 342 3096; x_wconf 94' lang='lat'>-</span> <span class='ocrx_word' id='word_1_253' title='bbox 362 3058 418 3125; x_wconf 84' lang='lat'>(14)</span> <span class='ocrx_word' id='word_1_254' title='bbox 438 3053 559 3110; x_wconf 87' lang='lat' dir='ltr'><strong>retineat</strong></span> <span class='ocrx_word' id='word_1_255' title='bbox 576 3070 627 3109; x_wconf 78' lang='lat' dir='ltr'><strong>aaa.</strong></span> <span class='ocrx_word' id='word_1_256' title='bbox 647 3070 669 3107; x_wconf 89' lang='lat' dir='ltr'><strong>c.</strong></span> <span class='ocrx_word' id='word_1_257' title='bbox 792 3058 825 3106; x_wconf 79' lang='lat'><strong>14</strong></span> <span class='ocrx_word' id='word_1_258' title='bbox 843 3051 970 3122; x_wconf 87' lang='lat' dir='ltr'><strong>&lt;aliquid</strong></span> <span class='ocrx_word' id='word_1_259' title='bbox 990 3053 1054 3109; x_wconf 81' lang='lat' dir='ltr'><strong>add.</strong></span> <span class='ocrx_word' id='word_1_260' title='bbox 1070 3055 1124 3124; x_wconf 76' lang='lat'><strong>1⁰⁰&gt;</strong></span> 
     </span>
     <span class='ocr_line' id='line_1_33' title="bbox 107 3122 1125 3198; baseline -0.003 -16"><span class='ocrx_word' id='word_1_261' title='bbox 107 3127 143 3196; x_wconf 75' lang='lat' dir='ltr'><strong>ot</strong></span> <span class='ocrx_word' id='word_1_262' title='bbox 160 3129 223 3193; x_wconf 82' lang='lat' dir='ltr'><strong>(det.</strong></span> <span class='ocrx_word' id='word_1_263' title='bbox 244 3133 362 3198; x_wconf 54' lang='lat' dir='ltr'><strong>eondp</strong></span> <span class='ocrx_word' id='word_1_264' title='bbox 381 3127 529 3188; x_wconf 76' lang='lat' dir='ltr'><strong>accentott</strong></span> <span class='ocrx_word' id='word_1_265' title='bbox 542 3142 572 3195; x_wconf 84' lang='lat' dir='ltr'><strong>p.</strong></span> <span class='ocrx_word' id='word_1_266' title='bbox 646 3129 680 3178; x_wconf 75' lang='lat'><strong>15</strong></span> <span class='ocrx_word' id='word_1_267' title='bbox 695 3122 883 3192; x_wconf 71' lang='lat' dir='ltr'><strong>egrounctum</strong></span> <span class='ocrx_word' id='word_1_268' title='bbox 896 3140 937 3180; x_wconf 85' lang='lat' dir='ltr'><strong>o.-</strong></span> <span class='ocrx_word' id='word_1_269' title='bbox 991 3125 1077 3180; x_wconf 85' lang='lat' dir='ltr'><strong>etiam</strong></span> <span class='ocrx_word' id='word_1_270' title='bbox 1096 3127 1125 3181; x_wconf 86' lang='lat' dir='ltr'><strong>et</strong></span> 
     </span>
    </p>
   </div>
   <div class='ocr_carea' id='block_1_8' title="bbox 103 3192 1124 3552">
    <p class='ocr_par' dir='ltr' id='par_1_9' title="bbox 103 3192 1124 3552">
     <span class='ocr_line' id='line_1_34' title="bbox 107 3192 1123 3268; baseline -0.004 -16"><span class='ocrx_word' id='word_1_271' title='bbox 107 3199 138 3252; x_wconf 83' lang='lat' dir='ltr'><strong>in</strong></span> <span class='ocrx_word' id='word_1_272' title='bbox 154 3215 190 3268; x_wconf 82' lang='lat' dir='ltr'><strong>p,</strong></span> <span class='ocrx_word' id='word_1_273' title='bbox 214 3198 318 3254; x_wconf 78' lang='lat' dir='ltr'><strong>etenim</strong></span> <span class='ocrx_word' id='word_1_274' title='bbox 337 3200 367 3253; x_wconf 85' lang='lat' dir='ltr'><strong>et</strong></span> <span class='ocrx_word' id='word_1_275' title='bbox 379 3215 400 3253; x_wconf 89' lang='lat' dir='ltr'><strong>e.</strong></span> <span class='ocrx_word' id='word_1_276' title='bbox 493 3202 526 3252; x_wconf 86' lang='grc'><strong>16</strong></span> <span class='ocrx_word' id='word_1_277' title='bbox 545 3192 712 3264; x_wconf 75' lang='lat' dir='ltr'><strong>constringi:</strong></span> <span class='ocrx_word' id='word_1_278' title='bbox 731 3193 767 3261; x_wconf 77' lang='lat' dir='ltr'><strong>ef.</strong></span> <span class='ocrx_word' id='word_1_279' title='bbox 784 3193 847 3250; x_wconf 78' lang='lat' dir='ltr'><strong>Gal.</strong></span> <span class='ocrx_word' id='word_1_280' title='bbox 867 3195 920 3249; x_wconf 90' lang='lat' dir='ltr'><strong>XI</strong></span> <span class='ocrx_word' id='word_1_281' title='bbox 917 3235 926 3263; x_wconf 90' lang='lat'><em>,</em></span> <span class='ocrx_word' id='word_1_282' title='bbox 946 3200 982 3251; x_wconf 81' lang='lat'><strong>50</strong></span> <span class='ocrx_word' id='word_1_283' title='bbox 1000 3197 1123 3266; x_wconf 74' lang='grc' dir='ltr'><strong>(διαθεῖν</strong></span> 
     </span>
     <span class='ocr_line' id='line_1_35' title="bbox 105 3264 1122 3339; baseline -0.006 -13"><span class='ocrx_word' id='word_1_284' title='bbox 105 3271 167 3326; x_wconf 79' lang='lat' dir='ltr'><strong>scil.</strong></span> <span class='ocrx_word' id='word_1_285' title='bbox 183 3274 298 3339; x_wconf 79' lang='lat' dir='ltr'><strong>propter</strong></span> <span class='ocrx_word' id='word_1_286' title='bbox 316 3269 500 3324; x_wconf 81' lang='lat' dir='ltr'><strong>musetdorum</strong></span> <span class='ocrx_word' id='word_1_287' title='bbox 517 3267 722 3322; x_wconf 70' lang='lat' dir='ltr'><strong>connecteret.</strong></span> <span class='ocrx_word' id='word_1_288' title='bbox 754 3264 814 3321; x_wconf 83' lang='lat' dir='ltr'><strong>Aet.</strong></span> <span class='ocrx_word' id='word_1_289' title='bbox 833 3271 930 3333; x_wconf 81' lang='lat'><strong><em>9,12.</em></strong></span> <span class='ocrx_word' id='word_1_290' title='bbox 949 3271 993 3324; x_wconf 86' lang='lat'><strong>13.</strong></span> <span class='ocrx_word' id='word_1_291' title='bbox 1007 3284 1039 3336; x_wconf 80' lang='lat' dir='ltr'><strong>p.</strong></span> <span class='ocrx_word' id='word_1_292' title='bbox 1060 3271 1122 3322; x_wconf 79' lang='lat'><strong><em>545.</em></strong></span> 
     </span>
     <span class='ocr_line' id='line_1_36' title="bbox 105 3336 1124 3410; baseline -0.007 -13"><span class='ocrx_word' id='word_1_293' title='bbox 105 3345 166 3398; x_wconf 75' lang='lat'><strong>546</strong></span> <span class='ocrx_word' id='word_1_294' title='bbox 184 3340 295 3410; x_wconf 63' lang='lat' dir='ltr'><strong>Lapa).</strong></span> <span class='ocrx_word' id='word_1_295' title='bbox 379 3345 411 3394; x_wconf 85' lang='lat' dir='ltr'><strong>ta</strong></span> <span class='ocrx_word' id='word_1_296' title='bbox 431 3336 561 3394; x_wconf 78' lang='lat' dir='ltr'><strong>calefacti</strong></span> <span class='ocrx_word' id='word_1_297' title='bbox 579 3339 609 3392; x_wconf 86' lang='lat' dir='ltr'><strong>et</strong></span> <span class='ocrx_word' id='word_1_298' title='bbox 625 3336 644 3392; x_wconf 93' lang='lat' dir='ltr'><strong>l.</strong></span> <span class='ocrx_word' id='word_1_299' title='bbox 664 3355 700 3390; x_wconf 89' lang='lat' dir='ltr'><strong>m.</strong></span> <span class='ocrx_word' id='word_1_300' title='bbox 720 3353 743 3393; x_wconf 86' lang='lat' dir='ltr'><strong>e.</strong></span> <span class='ocrx_word' id='word_1_301' title='bbox 823 3339 853 3392; x_wconf 84' lang='lat' dir='ltr'><strong>et</strong></span> <span class='ocrx_word' id='word_1_302' title='bbox 873 3353 924 3393; x_wconf 79' lang='lat' dir='ltr'><strong>ora.</strong></span> <span class='ocrx_word' id='word_1_303' title='bbox 938 3354 969 3406; x_wconf 78' lang='lat' dir='ltr'><strong>p.</strong></span> <span class='ocrx_word' id='word_1_304' title='bbox 1041 3337 1124 3408; x_wconf 81' lang='lat' dir='ltr'><strong>optes</strong></span> 
     </span>
     <span class='ocr_line' id='line_1_37' title="bbox 104 3407 1124 3480; baseline -0.007 -13"><span class='ocrx_word' id='word_1_305' title='bbox 104 3410 198 3468; x_wconf 71' lang='lat' dir='ltr'><strong>autari</strong></span> <span class='ocrx_word' id='word_1_306' title='bbox 215 3412 279 3480; x_wconf 80' lang='lat' dir='ltr'><strong>(sic)</strong></span> <span class='ocrx_word' id='word_1_307' title='bbox 296 3426 323 3467; x_wconf 77' lang='lat' dir='ltr'><strong>cs</strong></span> <span class='ocrx_word' id='word_1_308' title='bbox 342 3426 392 3466; x_wconf 89' lang='lat' dir='ltr'><strong>om.</strong></span> <span class='ocrx_word' id='word_1_309' title='bbox 407 3427 438 3479; x_wconf 79' lang='lat' dir='ltr'><strong>p.</strong></span> <span class='ocrx_word' id='word_1_310' title='bbox 523 3414 554 3463; x_wconf 79' lang='lat'><strong>18</strong></span> <span class='ocrx_word' id='word_1_311' title='bbox 574 3408 692 3463; x_wconf 83' lang='lat' dir='ltr'><strong>senserit</strong></span> <span class='ocrx_word' id='word_1_312' title='bbox 709 3425 735 3462; x_wconf 88' lang='lat' dir='ltr'><strong>c:</strong></span> <span class='ocrx_word' id='word_1_313' title='bbox 760 3407 910 3464; x_wconf 84' lang='lat' dir='ltr'><strong>sumserint</strong></span> <span class='ocrx_word' id='word_1_314' title='bbox 923 3424 955 3476; x_wconf 81' lang='lat' dir='ltr'><strong>p.</strong></span> <span class='ocrx_word' id='word_1_315' title='bbox 1042 3411 1073 3464; x_wconf 70' lang='lat' dir='ltr'><strong>tl</strong></span> <span class='ocrx_word' id='word_1_316' title='bbox 1095 3409 1124 3460; x_wconf 86' lang='lat' dir='ltr'><strong>et</strong></span> 
     </span>
     <span class='ocr_line' id='line_1_38' title="bbox 103 3477 980 3552; baseline -0.01 -13"><span class='ocrx_word' id='word_1_317' title='bbox 103 3481 208 3552; x_wconf 88' lang='lat' dir='ltr'><strong>tepido</strong></span> <span class='ocrx_word' id='word_1_318' title='bbox 222 3499 252 3550; x_wconf 84' lang='lat' dir='ltr'><strong>p.</strong></span> <span class='ocrx_word' id='word_1_319' title='bbox 326 3480 417 3550; x_wconf 89' lang='lat' dir='ltr'><strong>operis</strong></span> <span class='ocrx_word' id='word_1_320' title='bbox 434 3496 475 3549; x_wconf 82' lang='lat' dir='ltr'><strong>ep.</strong></span> <span class='ocrx_word' id='word_1_321' title='bbox 549 3478 766 3534; x_wconf 70' lang='lat' dir='ltr'><strong>attenuante:</strong></span> <span class='ocrx_word' id='word_1_322' title='bbox 789 3477 980 3546; x_wconf 81' lang='lat' dir='ltr'><strong>retinueritp.</strong></span> 
     </span>
    </p>
   </div>
   <div class='ocr_carea' id='block_1_9' title="bbox 0 0 1298 4028">
    <p class='ocr_par' dir='ltr' id='par_1_10' title="bbox 0 0 1298 4028">
     <span class='ocr_line' id='line_1_39' title="bbox 0 0 1298 4028; baseline 0 3"><span class='ocrx_word' id='word_1_323' title='bbox 0 0 1298 4028; x_wconf 95' lang='lat' dir='ltr'><strong> </strong></span> 
     </span>
    </p>
   </div>
  </div>
 </body>
</html>
