2588 4028
555 237 796 304 -108-

170 385 261 446 iacies
294 391 324 445 et
355 385 387 445 in
419 383 494 444 lanis
526 383 680 445 redactum
716 383 841 463 patienti
874 380 940 442 loco
973 398 1119 464 appones,
1156 389 1189 443 et

170 471 338 622 fasemrhlhhd
375 560 570 642 spleneticum
607 559 856 622 medicamentum
891 559 1122 622 desiccatorium
1157 567 1188 620 et

170 650 416 712 confortatorium
449 651 485 712 ad
518 648 629 730 splenis
661 647 844 710 debilitatem
875 666 912 708 ex
942 647 1094 709 infusione
1130 647 1186 709 hu·
1274 682 1275 698 Ι

143 741 275 822 emeris,
307 758 324 800 a
354 739 476 801 Graecis
508 737 652 800 cedrinou
684 735 871 817 appellatum.
919 737 1027 816 recipit
1058 736 1188 817 cedriae,

169 830 345 890 ammoniaci
371 835 473 908 guttae
500 829 605 888 uncias
632 843 734 906 senas,
765 827 883 886 resinae
913 825 1006 886 lrixae
1029 823 1138 888 hhram
1164 825 1188 906 1,

168 919 392 999 auripigmenti,
414 916 553 978 aluminis
576 917 676 996 scissi,
703 914 761 974 olei
783 916 909 994 veteris,
936 915 1071 976 omnium
1093 916 1188 975 trium

168 1007 272 1066 uncias
295 1005 426 1084 singulas
449 1013 481 1065 et
503 1007 607 1085 semis,
629 1005 706 1064 aceti
728 1004 853 1063 aemonis
876 1001 956 1081 quod
979 1002 1141 1064 suffecerit

257 1091 337 1153 aliud
347 1092 382 1152 ad
397 1095 605 1154 ventositatem
619 1092 739 1172 splenis.
762 1090 935 1171 epithimate
950 1089 1185 1170 diaspermaton

130 1188 221 1240 1oaut
243 1179 290 1240 dia
314 1198 453 1242 samsucu
475 1183 571 1242 uteris
594 1182 734 1260 superius
757 1180 793 1242 ad
816 1180 1025 1242 ventositatem
1047 1181 1109 1241 sive
1139 1183 1185 1241 in·

167 1267 318 1330 dationem
341 1268 486 1330 stomachi
507 1269 638 1348 scriptis.

257 1357 336 1419 aliud
354 1357 391 1418 ad
408 1356 549 1420 duritiam
569 1356 680 1438 splenis
698 1357 745 1418 vel
763 1359 946 1438 saxietatcm,
969 1374 1058 1436 quam
1078 1356 1185 1418 Graeci
1276 1361 1277 1372 ¹

168 1448 311 1507 scierosin
353 1446 465 1508 dicunt.
524 1445 667 1525 malagma
703 1445 894 1526 Amythaonis
935 1463 1067 1525 appones
1104 1445 1185 1524 quod
1276 1483 1277 1536 3

167 1536 306 1613 superius
329 1534 366 1595 ad
389 1534 530 1597 duritiam
554 1535 699 1596 stomachi
722 1536 906 1614 scripsimus.

127 1636 153 1677 1⁵
256 1623 335 1684 aliud
367 1623 403 1684 ad
436 1625 576 1686 duritiam
608 1623 728 1703 splenis.
779 1631 829 1684 tus
861 1623 1026 1685 masculum
1060 1631 1092 1686 et
1124 1641 1185 1684 am·

168 1714 294 1773 moniaci
321 1719 436 1792 guttam
464 1712 580 1792 aequali
606 1711 739 1792 pondere
767 1719 847 1772 teres
874 1710 1047 1794 diligenter,
1070 1719 1102 1772 et
1125 1712 1184 1772 ise·
1277 1791 1278 1796 ἵ

167 1810 295 1879 quanter
327 1819 434 1863 sucum
470 1802 663 1880 supermittes
700 1799 818 1862 coliculi
849 1819 886 1861 ex
924 1799 1002 1861 ioliis
1038 1799 1185 1862 viridibus
1277 1805 1278 1808 ’

166 1906 342 1967 expressum
373 1897 408 1949 nt
447 1889 593 1949 efficiatur
629 1890 661 1948 in
693 1887 919 1950 similitudinem
951 1888 1117 1970 emplastri,
1153 1897 1185 1950 et

166 1975 321 2036 inductum
343 1977 375 2036 in
399 1974 501 2036 charta
524 1975 570 2036 vel
593 1975 672 2036 aluta
695 1975 792 2056 spleni
814 1995 954 2058 appones.

125 2079 151 2117 20
255 2065 369 2124 sivero
393 2065 424 2124 in
443 2063 627 2143 aegritudine
651 2082 720 2124 cum
743 2063 827 2126 lehre
846 2073 932 2128 acuta
955 2067 1047 2127 inerit
1070 2065 1183 2146 splenis

166 2154 311 2233 causatio,
340 2151 438 2214 trihus
461 2151 566 2214 diebus
590 2153 814 2232 cataplasmatis
837 2174 873 2216 ex
896 2156 975 2216 faeni
997 2157 1097 2234 graeci
1119 2155 1183 2234 pcl-
1278 2179 1279 2198 Ι

164 2239 224 2302 liare
252 2250 283 2303 et
308 2241 414 2304 hordei
441 2240 577 2322 partibus
605 2241 729 2321 singulis
759 2251 789 2304 et
815 2243 868 2304 lini
896 2245 1018 2304 seminis
1045 2243 1183 2323 partibus

165 2327 280 2391 duabus
308 2348 377 2392 cum
404 2349 480 2409 aqua
508 2339 539 2392 et
566 2348 689 2392 rosaceo
718 2339 747 2392 et
770 2331 886 2393 modico
909 2331 996 2392 melle
1020 2334 1182 2394 concoctis.

238 2481 340 2537 tlanis
354 2497 378 2551 c,
391 2481 466 2537 latus
475 2498 506 2552 p.
578 2482 724 2539 redactum
737 2500 779 2552 cp.
848 2483 968 2554 apponis
982 2500 1004 2538 c.
1077 2485 1183 2554 asple—

163 2552 312 2622 netioonp
331 2554 393 2621 (-c
412 2553 444 2621 c).
545 2559 615 2610 tex
632 2553 784 2610 infusione:
804 2556 834 2610 et
850 2554 1021 2610 infusionem
1039 2571 1081 2624 op.
1164 2561 1180 2609 t

164 2623 297 2678 cedrinon
318 2623 365 2691 (cf.
387 2622 451 2678 Get.
476 2622 581 2691 XIII,
599 2628 681 2694 249)=
710 2624 800 2680 citron
822 2641 837 2680 c
858 2624 967 2692 (Simon
988 2642 1010 2682 c.
1028 2629 1077 2694 c),
1103 2625 1181 2682 citri-

162 2709 219 2749 ncn
228 2711 258 2764 p.
332 2693 507 2764 appellatum
526 2711 552 2750 c:
573 2697 654 2750 —tur
668 2713 698 2766 p.
771 2697 852 2765 Iiep.
924 2696 1046 2752 cedride:
1074 2713 1139 2754 eere
1158 2714 1180 2767 c,

162 2775 241 2853 cip.
315 2781 739 2853 tisenascza‘nxssvlp.
825 2783 863 2839 lb'
883 2784 904 2840 1.
924 2801 950 2851 c,
969 2784 988 2838 l'
1008 2786 1029 2839 Ι.
1043 2801 1074 2854 p.
1163 2791 1178 2839 t

163 2872 187 2910 o.
206 2859 241 2912 tr.
262 2856 287 2924 ⁷,—
305 2855 431 2926 singnlcs
450 2857 480 2911 et
497 2855 582 2912 semis
601 2871 627 2910 c:
655 2859 700 2910 an.
718 2859 746 2924 ἡ
764 2855 785 2910 Ι.
805 2855 869 2924 Sp.
978 2855 1119 2910 8suificit
1137 2873 1179 2924 cp.

162 2933 178 2980 9
198 2927 335 2996 epithima
353 2943 380 2997 o,
399 2926 524 2982 —th'ate
538 2943 569 3008 p.
657 2931 690 2981 10
708 2925 872 2981 diasansuco
891 2943 932 2996 cp.
1022 2925 1179 2981 inflamma·

160 2997 267 3052 tionem
292 3015 333 3066 cp.
368 3021 372 3032 ·
444 3004 475 3052 11
501 2998 635 3067 scnptum
658 3011 686 3064 c,
710 2994 781 3051 -lis
799 3013 830 3066 p.
941 3001 973 3051 12
998 2996 1133 3052 duritiem
1147 3014 1178 3066 p.

162 3067 328 3122 saxietatem
342 3083 377 3137 p,
396 3069 561 3124 sacietatem
580 3083 602 3123 c.
689 3065 790 3122 Graeci
807 3068 919 3124 mutet
942 3085 993 3124 cm.
1013 3085 1055 3138 cp.
1144 3074 1176 3122 13

161 3137 277 3192 seirosin
295 3155 322 3192 c:
342 3137 507 3207 selirosinp
529 3139 573 3204 (cf.
593 3137 729 3193 Simone.
749 3137 889 3208 scirodes).
980 3138 1136 3194 amicaonis
1154 3154 1176 3206 c,

160 3206 306 3262 amitatois
319 3225 350 3276 p.
432 3209 551 3278 apponis
570 3224 592 3264 c.
685 3214 719 3263 14
741 3208 778 3264 sd
801 3209 939 3266 stomachi
961 3209 1095 3266 duritiem
1115 3226 1176 3265 con.

161 3278 323 3348 scripsimus
337 3293 367 3347 p.
442 3285 474 3333 16
493 3281 523 3334 et
540 3295 600 3348 sup.
620 3297 717 3334 sucum
731 3296 753 3336 c.
773 3281 835 3349 (orn.
849 3280 1021 3351 frequenter)
1034 3299 1064 3351 p.
1142 3285 1173 3334 17

161 3347 293 3404 cauliculi
310 3365 352 3418 cp.
426 3355 459 3404 19
478 3349 596 3418 epponis
615 3366 656 3418 cp.
738 3357 771 3406 21
790 3351 881 3406 tribus
895 3369 930 3421 p,
951 3353 981 3406 in
999 3355 1064 3421 (pro
1082 3350 1133 3420 111)
1152 3367 1173 3406 c.

159 3423 194 3474 22
214 3422 244 3475 at
262 3419 340 3474 ordei
352 3421 446 3489 partes
459 3420 486 3474 II
500 3436 563 3475 cnm
578 3436 653 3490 equa
668 3461 674 3475 .
690 3463 697 3477 .
713 3463 719 3475 .
736 3424 796 3490 (om.
810 3423 938 3492 partibus
957 3453 991 3464 -
1011 3422 1137 3492 seminis)
1150 3439 1172 3480 c.

159 3497 193 3546 23
212 3496 287 3546 mois
305 3489 398 3546 mellis
412 3508 443 3560 p.
