2558 4022
560 179 779 244 ..10-

161 325 292 385 dimittes
310 331 345 384 ut
363 329 506 402 operetur
524 341 619 402 usquc
638 323 674 385 ad
698 323 841 384 ruborem
859 325 936 385 cutis
960 340 1049 402 quem
1073 321 1183 386 Graeci

161 413 302 491 finigmon
331 419 445 472 vocant.
489 419 561 473 tunc
583 414 615 472 in
637 411 777 473 balneum
799 414 913 489 mittes,
941 419 972 471 et
999 429 1068 472 cum
1091 411 1181 472 suda·

160 503 249 581 verit,
273 507 362 580 caput
384 502 416 560 in
435 499 508 560 solio
532 507 566 560 ut
585 508 699 578 mergat
719 499 894 581 imperabis,
916 507 948 560 et
966 517 1085 560 omnem
1103 499 1182 578 cycli
1264 527 1265 530 ¹

161 591 345 650 curationem
367 585 564 664 terminabis]

56 757 147 810 (2172)
451 747 489 816 ll.
526 745 575 806 nd
598 748 715 808 tineas
738 741 880 826 capitis.

249 872 357 931 Tineas
381 872 486 950 capitis
511 869 616 930 Graeci
638 870 761 931 achoras
789 878 977 931 vocaverunt.
1019 879 1180 949 emergunt
1264 877 1265 950 ᾗ

160 961 334 1038 frequentor
361 961 393 1018 in
421 960 503 1018 corio
531 960 636 1038 capitis
664 977 701 1020 ex
728 962 844 1020 viscoso
875 958 1002 1038 quodam
1030 977 1064 1018 ac
1094 965 1178 1019 tena-

160 1051 279 1108 cissImo
302 1047 428 1107 humore
451 1045 547 1108 mellis
566 1047 666 1128 simili,
689 1055 724 1108 ut
742 1049 831 1108 etiam
850 1056 880 1108 et
904 1047 1005 1108 ulcera
1029 1049 1178 1108 corticosa
1264 1065 1265 1130 j

160 1136 304 1196 ostendat.
1264 1133 1265 1136 ’

119 1237 146 1276 1⁰
247 1227 279 1285 in
303 1223 506 1285 curationibus
525 1231 624 1284 autem
642 1223 680 1284 ob
700 1225 882 1292 nimietatem
902 1223 1038 1286 humoris
1056 1231 1177 1303 oportet
1264 1219 1265 1298 Ῑ

159 1315 190 1373 in
213 1315 359 1392 prinprio
382 1314 589 1392 purgatorium
613 1311 697 1392 dare,
724 1321 759 1373 ut
782 1321 852 1373 sunt
881 1315 1027 1392 catapotia
1050 1311 1177 1374 Galeni

159 1420 235 1480 quae
264 1403 402 1480 superius
429 1403 461 1460 in
487 1402 625 1481 passione
649 1403 754 1480 capitis
782 1403 893 1481 scripta
918 1408 997 1462 sunt.
1033 1403 1080 1461 sin
1103 1418 1175 1460 vcro

158 1490 250 1550 fuerit
272 1507 360 1569 parva
383 1483 440 1549 lioc
464 1497 510 1549 est
532 1488 648 1550 modica
670 1489 840 1572 ulceratio,¹
855 1489 983 1550 sufficiat
1004 1491 1102 1569 topica
1125 1489 1175 1550 ad·

159 1580 267 1639 iutoria
286 1577 426 1638 adhibere
451 1596 526 1656 quae
546 1596 601 1638 nos
623 1577 727 1639 localia
746 1578 885 1658 dicimus,
908 1586 942 1638 ut
966 1585 1012 1638 est
1033 1579 1175 1656 psoricon

119 1679 144 1720 1⁵
159 1667 407 1728 medicamentum
422 1666 458 1726 ad
473 1665 602 1727 scabiem
616 1669 710 1728 totius
720 1669 859 1745 ,corporis
872 1667 999 1726 inferius
1014 1668 1178 1745 scrIptnm:
1264 1713 1265 1738 ,

157 1774 213 1834 per
236 1755 299 1816 dies
323 1758 455 1834 quinque
479 1763 640 1834 praetonso
663 1757 798 1834 pressius
816 1757 911 1834 capite
934 1756 966 1814 in
990 1753 1051 1814 sole
1073 1753 1120 1814 his
1143 1756 1176 1814 in
1264 1745 1265 1808 l

159 1843 206 1903 die
230 1843 359 1924 tricenis,
383 1851 413 1902 ct
436 1860 505 1902 oum
527 1843 637 1902 rideris
659 1843 724 1902 loca
747 1845 872 1903 nimium
893 1843 1069 1922 humectari,
1091 1849 1175 1921 ptyg-

158 1939 236 1991 mate
264 1929 377 1991 fovebis
398 1929 429 1990 id
453 1937 499 1990 est
522 1929 616 1991 calida
639 1949 715 2010 aqua
737 1934 769 1992 in
793 1949 850 2010 qua
869 1932 991 1992 decocta
1010 1938 1081 1992 sunt
1098 1947 1176 2012 rosa,

68 2039 90 2079 r·
105 2030 145 2073 ιιι
158 2027 257 2080 murta
284 2021 376 2099 sicca,
410 2036 585 2101 cupressus,
610 2012 618 2103 l
639 2019 708 2080 rubi
737 2020 847 2080 virides
874 2022 1022 2094 turiones,
1051 2019 1175 2097 siliquae

118 2121 144 2162 ao
159 2126 281 2187 graecae
310 2108 385 2168 aridi
411 2109 495 2169 rami.
542 2115 572 2168 et
598 2116 755 2188 postquam
782 2109 1004 2188 fomentaveris,
1034 2107 1175 2186 cataplas·

158 2204 235 2258 mate
263 2199 372 2279 uteris,
401 2195 458 2256 hoc
486 2204 532 2256 est
560 2197 715 2258 lenticulas
744 2205 775 2258 et
797 2199 925 2258 cortices
949 2195 985 2256 de
1010 2195 1086 2256 malo
1109 2213 1174 2274 gra·
1264 2195 1265 2266 l

157 2293 226 2346 nato
264 2304 375 2364 coques
414 2285 502 2346 simul
538 2287 570 2346 in
602 2305 678 2365 aqua
709 2294 740 2346 et
777 2294 858 2347 teres
894 2287 1066 2366 separatim,
1102 2291 1175 2344 tunc
1264 2283 1265 2358 ἶ

230 2419 384 2473 ldimittis
402 2435 444 2487 op.
527 2419 677 2490 ifinigmo
694 2435 724 2488 p,
743 2418 882 2489 limgmon
900 2436 922 2474 o.
994 2420 1025 2474 in
1042 2419 1175 2474 balneum
1264 2465 1265 2490 9

156 2489 246 2544 mittis
270 2506 295 2543 c:
319 2490 349 2544 in
371 2488 473 2545 balneo
498 2488 618 2544 dimittis
637 2506 667 2561 p.
776 2497 792 2544 3
821 2507 844 2545 c.
872 2492 905 2544 ut
931 2491 962 2545 in
990 2491 1061 2546 solio
1089 2508 1125 2544 m.
1151 2507 1173 2545 o.

156 2562 285 2628 mergant
307 2576 348 2628 cp.
459 2567 473 2616 7
497 2562 532 2627 cf.
557 2560 620 2614 Gal.
645 2565 709 2616 cato
730 2565 786 2630 top.
805 2561 871 2628 XII,
896 2567 950 2616 464
973 2563 1074 2630 (semor.
1099 2561 1174 2630 XIV,

157 2636 208 2684 323
233 2656 267 2674 =
293 2629 399 2685 Oritas
423 2647 514 2702 sopor.
538 2631 590 2698 IV,
621 2634 673 2700 12).
765 2631 887 2701 quodem
906 2649 941 2701 p:
966 2633 1108 2702 quondam
1132 2649 1173 2702 pc.

157 2703 221 2757 Set
239 2716 290 2755 om.
307 2718 336 2770 p.
409 2703 594 2757 tostendant
607 2719 654 2770 po.
691 2747 693 2750 .
741 2709 773 2755 11
793 2703 936 2776 catapotip
954 2721 980 2774 9,
1000 2703 1113 2772 -putie
1129 2719 1173 2770 pc.

156 2772 273 2844 gallieni
290 2790 316 2843 9,
335 2771 441 2842 galieni
454 2790 500 2842 po.
587 2777 619 2826 12
640 2771 759 2842 scriptae
777 2791 837 2844 ppo.
930 2780 962 2828 13
982 2775 1036 2828 hoc
1055 2775 1097 2829 esi
1114 2789 1174 2827 mo·

156 2843 220 2899 dica
237 2859 282 2915 qo:
301 2860 351 2898 om.
367 2861 397 2913 9.
485 2844 625 2899 sufficiant
641 2861 702 2914 ppo.
776 2849 810 2897 14
828 2844 958 2913 sporicon
976 2849 1040 2899 octe
1057 2861 1127 2900 corr.
1141 2861 1173 2914 p.

158 2920 190 2968 16
205 2915 230 2968 V
245 2931 276 2983 p,
295 2915 334 2970 VI
352 2932 374 2971 c.
459 2918 610 2985 praetonso
629 2932 679 2986 qp:
697 2913 825 2984 precioso
844 2933 865 2971 c.
959 2921 991 2970 17
1010 2914 1128 2985 frigebis
1141 2932 1173 2984 p.

155 2985 276 3054 ilgmate
294 3003 355 3055 992.
429 2993 461 3041 19
476 2988 571 3041 munta
583 3003 610 3056 9,
628 2986 769 3054 mimapc.
842 2985 906 3041 rubi
919 2987 983 3042 item
1001 2985 1120 3055 siliquae
1139 3015 1174 3026 -—

155 3055 242 3109 uteris
264 3071 315 3109 om.
339 3072 361 3109 c.
397 3056 460 3111 rubi
483 3057 580 3112 viridis
604 3059 654 3126 (aio
676 3063 702 3111 et
724 3059 769 3126 cp)
793 3058 826 3111 a‘n
843 3073 899 3112 rac.
917 3064 955 3128 9⁰.
1045 3055 1174 3111 'curiones

156 3125 197 3194 (id
224 3127 268 3179 esi
295 3125 383 3180 cimae
405 3129 455 3196 9⁰).
555 3127 672 3195 siliquae
696 3127 737 3197 (id
764 3129 808 3182 esi
836 3145 925 3200 prunp
953 3127 1095 3182 silvestres
1123 3129 1174 3197 q0).
1264 3125 1265 3152 r

156 3195 235 3250 silice
249 3212 279 3264 p.
370 3201 404 3250 20
423 3196 516 3252 aridos
534 3213 626 3252 ramos
644 3215 662 3267 9
681 3197 737 3268 (—i
751 3201 807 3267 po).
896 3197 1174 3268 21Lenticnlaypc.
1264 3203 1265 3262 l

156 3267 191 3320 de
208 3265 270 3334 ipsa
288 3265 386 3321 arbore
405 3267 439 3322 de
457 3268 533 3322 malo
556 3269 674 3338 granato
698 3268 738 3336 (id
761 3272 805 3324 est
823 3269 857 3323 de
880 3269 942 3338 ipso
965 3269 1064 3324 arbore
1085 3284 1174 3337 supra
1264 3267 1265 3344 j

155 3361 185 3423 9⁰
203 3356 252 3423 qui
274 3355 343 3410 delet
365 3356 435 3410 idem
457 3356 490 3410 io
512 3358 598 3425 tectu)
617 3373 635 3427 9
654 3357 699 3426 (de
717 3357 794 3411 mala
816 3357 936 3426 granata
961 3362 1024 3412 aute
1041 3373 1112 3412 corr.
1131 3358 1173 3428 9):
1264 3413 1265 3434 9

156 3425 226 3479 mali
244 3425 355 3495 granati
368 3443 413 3494 pc.
