2558 4022
479 229 698 294 ..39-

78 375 169 436 ticula
193 393 261 438 cum
284 377 375 436 ramis
398 381 514 434 murtae
539 375 635 436 siccae
659 373 764 434 elixata
787 379 817 433 et
844 371 1002 450 diligenter
1025 373 1096 432 trila

80 483 149 528 cum
180 463 296 526 modico
329 461 417 524 melle
445 469 476 522 et
507 480 583 542 pane
616 461 715 524 inluso
748 457 983 541 cataplasmabis,
1015 457 1096 540 quod

79 551 185 616 Graeci
208 552 362 630 artolagou
381 549 537 632 appellant.
574 552 622 610 siu
639 567 710 610 vero
730 547 959 630 erysipelatodes
983 549 1096 610 luerint

78 639 256 706 carbunculi
277 640 308 700 id
332 647 378 700 est
401 657 469 700 cum
493 637 602 700 rubore
625 639 713 700 utin
737 639 833 700 vicina
859 646 943 716 parte
966 635 1024 698 sibi
1046 655 1094 698 ve-

76 729 136 789 luti
162 729 240 806 ignis
265 745 349 788 sacer
378 727 565 804 ostendatur,
591 725 759 806 plantagine
787 734 838 786 aut
866 725 1021 786 coriandro
1045 732 1123 787 aut⁵

75 815 176 877 intibo
204 833 272 877 cum
298 833 375 895 pane
402 814 624 894 cataplasmabis
656 813 703 876 bis
735 816 766 875 in
798 814 846 876 die
879 820 910 874 et
941 812 1034 874 semel
1064 815 1097 874 in

76 911 178 964 nocte.
220 911 291 964 tunc
319 922 386 964 cum
413 902 489 963 bene
518 903 604 964 ulcus
632 902 741 964 videris
769 903 982 982 depurgatum,
1013 901 1096 962 Musa

75 994 208 1054 trocisco
231 994 327 1052 uteris
349 994 380 1052 in
403 993 472 1052 rino
496 991 591 1052 mulso
614 990 755 1054 resoluto.

413 1149 517 1211 XXlll.
553 1149 602 1212 Ad
626 1169 761 1212 reuma.

168 1273 352 1354 intellegitur
375 1293 479 1336 reuma
502 1277 640 1354 quotiens
659 1274 752 1336 valida
774 1273 937 1336 influxione
960 1273 1095 1338 humoris
1110 1285 1136 1324 ¹0

76 1363 168 1427 nullis
191 1362 438 1444 praecedentibus
467 1365 564 1424 causis
592 1363 690 1424 subito
717 1365 895 1424 intumuerit
918 1361 1095 1422 membrum.

76 1460 106 1514 et
130 1451 296 1531 appellatur
323 1469 340 1510 a
364 1450 484 1512 Graecis
507 1453 670 1512 reumatice
691 1449 832 1512 diathesis
855 1450 885 1512 id
909 1458 956 1512 est
978 1468 1095 1512 reuma·

75 1544 135 1602 tica
155 1543 262 1619 passio.
300 1541 446 1619 contingit
469 1541 654 1620 frequenter,
675 1532 680 1624 l
701 1541 826 1602 maxime
845 1541 951 1600 tamen
968 1540 1000 1599 in
1023 1539 1092 1598 arti·
1104 1561 1128 1601 r·
1143 1549 1184 1588 ²⁰¹

75 1629 190 1702 culosis
212 1628 300 1708 locis,
323 1635 357 1690 ut
380 1627 507 1706 exempli
530 1645 619 1691 causa
641 1629 673 1688 iu
695 1645 776 1708 genu
793 1635 845 1688 aut
866 1629 898 1688 in
920 1626 1021 1688 cubito
1044 1635 1096 1688 aut

74 1717 180 1798 iugulo
204 1724 255 1778 aut
277 1715 394 1776 maxilla
416 1734 486 1776 cum
508 1733 580 1776 aure
599 1715 751 1796 usquead
773 1723 916 1796 tempora,
938 1713 1095 1794 aliquando
1110 1728 1137 1768 15

75 1809 169 1870 etiam
201 1804 289 1866 simul
321 1812 352 1865 et
383 1805 503 1885 faciem,
531 1811 566 1866 ut
593 1807 682 1866 etiam
709 1805 824 1883 ingenti
851 1812 968 1865 tumore
996 1800 1096 1864 subito

75 1895 159 1958 oculi
182 1893 365 1954 claudantur.
402 1892 559 1972 aliquando
582 1911 678 1974 usque
701 1892 738 1954 ad
760 1899 865 1976 guttur
883 1909 974 1972 supra
997 1888 1095 1952 dictus

75 1991 179 2046 tumor
203 1981 354 2064 dilatatur,
377 1991 411 2042 ut
434 1983 523 2064 etiam
545 1981 675 2044 thoracis
697 1989 799 2063 partes
821 1981 947 2044 invadat.

169 2073 200 2130 in
228 2068 432 2133 curationibus
459 2088 529 2130 vero
557 2069 736 2134 abstinentia
763 2069 823 2131 cibi
850 2068 897 2130 rel
924 2071 1035 2130 ieiunio
1065 2077 1095 2128 et

76 2165 182 2223 avino
201 2160 378 2221 abstinentia
397 2166 427 2218 et
448 2160 600 2236 sanguinis
618 2158 801 2220 detractione
820 2175 875 2237 per
894 2155 1094 2217 flebotomiam
1108 2172 1136 2211 ro

76 2258 106 2310 et
127 2250 245 2310 ventris
268 2248 444 2327 purgatione
464 2245 625 2308 cathartico
649 2245 717 2307 dato
736 2248 798 2306 sive
821 2243 948 2324 clystere
972 2262 1094 2306 evacua-

151 2460 166 2506 1
182 2453 273 2524 munte
287 2468 316 2521 9:
332 2450 416 2506 mirbe
426 2468 467 2520 op.
541 2451 663 2506 exlixele
675 2469 701 2522 9,
716 2449 819 2506 elisabe
834 2467 856 2518 ο,
871 2451 901 2505 et
914 2448 951 2518 (a)
966 2447 1052 2504 lixate
1062 2466 1095 2517 p.

75 2525 145 2581 trita
164 2541 195 2596 9:
214 2525 279 2606 7-te
293 2539 333 2592 cp.
408 2527 424 2576 3
439 2521 598 2604 erlofagion
616 2540 634 2592 9
651 2525 702 2592 (p),
720 2521 888 2604 ariopagion
902 2536 917 2574 c
933 2520 1019 2602 (efip²
1035 2523 1094 2602 32).

78 2595 126 2650 Sin
144 2612 176 2664 9:
198 2593 228 2648 Sa
246 2609 287 2662 cp.
334 2663 340 2675 Ι
385 2589 1094 2676 beresrpelatodesnpn,oosip1latodea'cn,ens1p1la·

75 2668 159 2808 tlt?
172 2682 236 2790 da
254 2663 1094 2816 0ublrdtltgitttl*illiditalileam

77 2807 337 2948 elidente..
353 2811 381 2931 ,ἶ
398 2806 725 2946 lliiliimulil't:
748 2809 801 2930 el.
818 2807 971 2946 tillut
985 2841 1037 2926 ‘etr‘
1050 2818 1095 2924 ii

77 2981 205 3022 neumam
222 2982 239 3036 9
258 2965 352 3033 (—me
370 2967 403 3034 ο),
423 2947 448 3032 ’δ’
469 2965 588 3033 (contra)
607 2965 642 3018 de
660 2952 762 3020 reumle'
776 2980 807 3032 p.
917 2966 949 3014 12
973 2960 1008 3026 cf.
1029 2958 1092 3015 Gal.

80 3055 145 3122 XI,
165 3059 209 3110 79.
302 3059 334 3108 13
353 3055 451 3108 tamen
467 3069 498 3122 9:
517 3068 567 3108 om.
588 3069 629 3123 op.
721 3057 753 3105 15
771 3049 868 3120 iugulo
888 3065 922 3118 p:
946 3035 1051 3120 unglplo
1067 3067 1093 3118 9,

78 3125 108 3180 in
126 3124 257 3196 murgulo
276 3139 298 3180 ο.
392 3123 423 3178 in
441 3121 557 3178 maxilla
576 3140 618 3192 ep.
702 3137 770 3178 aure
787 3137 833 3192 pe:
853 3136 944 3190 orep.
1028 3120 1094 3176 tim-

77 3213 148 3266 pora
165 3213 191 3266 9,
210 3197 322 3264 tempus
341 3197 401 3265 (ips
410 3212 441 3262 p,
460 3195 526 3265 lpus
545 3197 569 3262 ο)
588 3210 629 3263 op.
739 3199 771 3248 16
795 3191 897 3248 faciem
916 3193 946 3261 (i.
965 3208 986 3246 e.
1005 3209 1094 3260 usque

79 3267 115 3322 ad
132 3267 164 3335 f.)
183 3284 209 3348 9,
227 3265 300 3321 fecie
319 3283 345 3322 e:
364 3265 466 3323 faciem
486 3267 606 3337 occupet
618 3281 648 3334 p.
722 3270 756 3319 20
771 3263 853 3320 anino
868 3279 894 3318 e:
914 3263 979 3318 vino
997 3280 1015 3332 9
1034 3262 1093 3346 (eb-

80 3336 215 3392 sbinentm
228 3336 286 3392 cibi
299 3339 330 3392 et
347 3337 406 3392 vini
418 3337 459 3407 p).
532 3341 603 3406 sang
617 3334 791 3390 detractione
804 3351 829 3404 9.
902 3332 1094 3389 flouolemmm

81 3410 124 3473 (ct
141 3413 255 3478 semper)
272 3426 298 3481 9.
371 3413 404 3462 21
424 3407 535 3464 elislere
553 3425 571 3478 9
590 3407 703 3476 (dietere
717 3407 765 3476 p),
784 3402 916 3460 elisleriie
935 3420 956 3462 o.
1029 3421 1095 3460 eve·

80 3478 208 3534 cuetione
222 3495 257 3548 p:
277 3479 442 3534 vacuatione
463 3481 550 3547 (416
569 3478 595 3548 9)
613 3495 646 3548 9ο
663 3479 707 3544 (ut
724 3493 812 3546 semro
829 3479 867 3546 9).
953 3515 955 3518 -
