2558 4022
580 204 796 267 „16-

179 354 287 414 iactam
318 348 408 418 biduo
441 348 487 408 vel
514 348 614 409 triduo
642 347 717 409 lacte
751 349 871 428 caprino
904 349 1033 428 nutries,
1066 355 1097 408 ct
1128 355 1196 428 post

179 441 252 500 haec
276 436 428 499 adhibebis
452 437 598 498 adiutoria
620 438 859 517 metasyncritica
886 435 917 496 id
941 444 986 496 est
1010 454 1085 515 quae
1109 454 1196 498 reno·

179 547 248 590 vare
276 527 390 588 valeant
418 528 594 606 temperiem
622 527 757 604 corporis
784 523 964 606 naturalem,
992 532 1026 585 ut
1052 533 1124 586 sunt
1147 526 1196 586 de·

180 617 335 678 siccatoria
363 621 558 696 sympasmata
586 612 631 672 vel
660 621 759 674 cetera
787 630 862 691 quae
890 611 926 673 de
951 611 1033 692 cyclo
1057 616 1196 693 superius

153 708 211 766 cin
234 707 371 785 passione
396 705 500 783 capitis
524 703 707 780 scripsimus.

434 861 521 922 Vllll.
559 859 607 921 hd
631 861 787 922 maculas
811 863 942 939 nigras.
1146 875 1164 912 ⁸

269 985 397 1046 Maculas
411 986 512 1063 nigras
527 982 632 1044 Graeci
646 983 751 1063 alphus
766 984 913 1045 melaenas
928 991 1041 1046 vocant.
1069 1003 1196 1047 nascun·

180 1085 230 1137 tur
253 1074 409 1154 aliquando
433 1075 466 1176 in
487 1071 571 1133 vultu
594 1072 750 1151 aliquando
763 1076 804 1177 ’in
833 1073 962 1177 brachiis
986 1073 1144 1176 aliquando
1167 1078 1197 1134 in
1252 1124 1253 1184 p

180 1172 243 1224 toto
267 1180 407 1242 corpore,
430 1160 586 1240 aliquando
610 1162 711 1222 fuscae
734 1161 890 1241 aliquando
913 1179 1016 1240 nigrae
1039 1162 1197 1241 aliquando
1252 1187 1253 1200 ¹

143 1266 169 1305 10
183 1269 305 1332 asperae
328 1250 420 1311 veluti
442 1267 597 1330 zernosae,
621 1267 693 1328 quas
718 1250 823 1311 Graeci
845 1249 1017 1310 lichenodes
1040 1251 1197 1330 appellant.
1253 1232 1254 1300 l

182 1359 219 1401 ex
242 1338 453 1401 melancholico
481 1338 606 1398 humore
634 1337 805 1399 efficiuntur
831 1337 862 1398 id
885 1345 931 1399 est
954 1356 990 1399 ex
1014 1340 1092 1418 nigri
1122 1339 1198 1400 lellis
1254 1340 1255 1374 r

182 1428 385 1489 redundantia.
1255 1448 1256 1494 l

270 1523 429 1596 propterea
463 1517 494 1576 in
523 1516 670 1595 principio
699 1517 861 1576 curationis
893 1515 1054 1576 cathartico
1088 1515 1198 1576 melan·
1256 1556 1257 1592 p

183 1605 330 1666 cholicam
349 1623 409 1666 uon
428 1604 524 1666 solum
547 1603 639 1665 semel
659 1604 711 1664 sed
734 1605 909 1682 frequenter
930 1603 1081 1683 purgabis.
1120 1605 1198 1684 quod
1257 1664 1258 1704 p

143 1706 169 1747 1⁵
183 1695 379 1756 catharticum
397 1694 536 1755 conficies
555 1695 607 1753 sic.
644 1691 828 1771 epithymum
850 1694 995 1772 optimum
1018 1692 1049 1752 id
1073 1700 1121 1753 est
1138 1712 1199 1754 non

184 1785 418 1844 vetustissimum
447 1789 477 1841 et
505 1800 540 1840 ex
569 1781 642 1840 locis
670 1781 825 1840 maritimis
853 1787 1005 1860 sumptum
1033 1784 1199 1860 quantitate
1258 1772 1259 1792 ³

184 1871 353 1931 semunciae
372 1869 385 1928 1
408 1869 558 1947 decoques
580 1870 612 1927 in
631 1885 724 1947 aquae
745 1868 852 1929 calices
870 1868 991 1930 latiores
1014 1887 1140 1930 numero
1160 1871 1200 1931 lll
1259 1880 1260 1910 ¹

185 1976 280 2038 usquc
309 1957 344 2018 ad
373 1959 491 2018 tertiam
517 1964 646 2037 partem,
674 1963 746 2017 tunc
774 1955 931 2036 diligenter
958 1957 1086 2036 liquahis
1110 1967 1141 2019 et
1169 1962 1200 2019 in
1260 1986 1261 2000 2

185 2050 248 2126 ipsa
272 2046 444 2108 decoctione
468 2044 606 2106 miscebis
630 2045 783 2124 oxymellis
806 2045 951 2106 coclearia
972 2044 1015 2106 lll
1038 2054 1068 2107 et
1090 2049 1200 2108 ieiunis

145 2149 172 2189 ²0
186 2134 277 2196 dahis.
318 2141 438 2215 etpost
461 2135 524 2196 dies
551 2136 735 2214 purgationis
758 2133 814 2194 alio
842 2135 1058 2195 medicamento
1089 2135 1199 2212 uteris]

94 2217 170 2311 iffi
184 2224 220 2284 ad
247 2223 377 2285 maculas
405 2226 505 2303 nigras
532 2233 563 2285 et
590 2241 729 2285 zernosas
757 2230 787 2282 et
814 2223 850 2283 ad
880 2223 1010 2284 maculas
1038 2224 1138 2302 nigras
1169 2227 1201 2284 in

185 2312 267 2372 vultu
287 2313 404 2372 leminis
422 2331 458 2372 ex
478 2311 631 2374 abortione
650 2311 842 2393 praecedenti
865 2311 956 2372 iactas
975 2310 1021 2371 vel
1042 2310 1200 2373 adustione

254 2470 268 2516 1
288 2462 378 2518 nutris
392 2479 439 2532 pc.
529 2471 545 2518 2
565 2463 714 2518 adhibebis
732 2479 747 2518 c
765 2461 873 2532 (Petale
893 2462 1022 2519 adhibita
1037 2481 1066 2534 p.
1140 2482 1200 2520 me-

181 2535 226 2588 tas
246 2533 375 2588 incritica
384 2550 419 2603 p:
438 2535 560 2588 melasio
574 2533 678 2591 cretica
693 2551 714 2589 c.
787 2540 805 2586 4
824 2533 1019 2604 simplasmata
1032 2551 1078 2604 pc.
1152 2536 1210 2590 de-¹

182 2604 253 2659 ciclo
269 2622 299 2673 p,
319 2604 410 2658 decito
431 2605 491 2673 (eie)
511 2621 532 2660 e.
633 2612 648 2660 ‘1
668 2605 741 2661 alius
761 2604 885 2660 melanas
904 2623 926 2674 c,
946 2605 1018 2661 alfoe
1036 2606 1162 2662 melenae
1176 2624 1201 2676 p

182 2675 293 2745 (alphos
319 2675 435 2729 meletos
457 2675 531 2730 Pele.
550 2693 572 2732 e.
592 2679 650 2746 25).
743 2681 776 2731 10
795 2692 893 2732 zenone
912 2693 934 2732 c.
1024 2677 1148 2733 liccdoss
1167 2695 1201 2748 p,

181 2746 309 2802 lioedone
328 2762 349 2801 c.
442 2751 474 2800 11
494 2745 652 2802 alliciuntur
670 2747 782 2817 (Petr.):
802 2747 924 2803 efficitur
942 2765 965 2816 c,
984 2765 1034 2804 orn.
1052 2763 1081 2818 p.
1166 2755 1200 2803 13

182 2817 349 2874 catarticum
362 2815 576 2871 melancolicam
585 2834 616 2886 p,
636 2819 771 2874 catartico
785 2819 972 2875 melancolico
988 2836 1009 2875 c.
1085 2823 1118 2873 15
1133 2835 1201 2874 eon-

181 2890 241 2944 ficis
261 2907 275 2944 c
300 2887 413 2960 (Petra,
441 2886 587 2944 conficitur
605 2905 635 2958 p.
725 2888 871 2958 Epithimr'r
886 2934 892 2944 .
908 2931 915 2944 .
931 2932 937 2945 .
952 2890 1095 2946 semuncia
1111 2932 1116 2944 .
1131 2892 1152 2945 Ι.
1178 2908 1200 2945 c.

181 2958 280 3028 Epithi
297 2959 362 3018 novi
379 2975 437 3015 non
455 2957 559 3015 veiens
577 2975 611 3013 ex
625 2959 643 3015 l.
658 2976 694 3012 m.
714 2959 867 3027 collectii·
885 2959 945 3030 itp
962 2963 1083 3030 (brerrioe
1103 2960 1201 3030 Pete).

184 3036 216 3084 tt
236 3030 375 3098 decoquas
389 3046 419 3098 p.
511 3046 585 3098 aqua
604 3029 780 3086 calices.III.
796 3047 830 3100 p,
854 3048 929 3100 aqua
952 3031 1054 3088 calices
1079 3029 1202 3087 laciores

183 3101 243 3169 (sic)
263 3105 319 3154 nio
330 3143 336 3155 .
347 3099 395 3155 ΙΙΙ.
414 3116 436 3154 c.
528 3107 561 3155 18
579 3103 691 3171 partem
708 3117 735 3155 c:
754 3117 803 3156 om.
819 3119 849 3170 p.
945 3101 1067 3173 liquabis
1086 3103 1201 3172 (Pecu

182 3169 285 3240 ligabis
299 3186 344 3238 pc.
432 3175 467 3225 to
480 3169 627 3225 decetione
641 3172 683 3238 (at
696 3174 793 3242 saepae)
807 3189 837 3241 p.
910 3173 1040 3229 miscebis
1054 3190 1090 3243 12:
1114 3189 1166 3229 om.
1187 3191 1203 3229 c

183 3241 281 3310 (addes
299 3239 392 3309 Petu).
465 3239 603 3296 oximellis
620 3257 643 3308 e,
662 3242 761 3296 examl'
771 3258 802 3312 p.
875 3249 909 3299 21
930 3261 1057 3299 carnosae
1071 3261 1097 3314 p.
1171 3247 1203 3300 et

184 3311 274 3366 adm.
293 3311 388 3381 nigras
407 3327 491 3380 emp
510 3312 647 3382 (coepe).
719 3312 852 3368 incultu.
865 3313 896 3368 in
907 3314 1021 3370 feminis
1035 3333 1061 3386 p,
1080 3314 1201 3386 (nigras)

183 3381 348 3508 lempnatrpm
365 3399 387 3448 c,
406 3380 436 3436 in
450 3381 532 3438 vultu
544 3382 599 3438 viri
614 3399 664 3438 seu
676 3381 812 3454 femiuep
830 3384 871 3452 (in
889 3385 969 3440 vultu
983 3385 1086 3442 lemine
1102 3385 1200 3456 Pete).

185 3459 219 3508 22
249 3469 281 3509 ac
330 3470 355 3524 p.
