2576 4040
555 247 799 313 ..130-

256 396 288 456 iu
320 391 524 455 curationibus
555 409 626 453 vem
659 395 686 453 si
717 407 787 454 aum
822 391 1036 452 consuistieue
1067 393 1182 453 ventris

167 484 260 546 ruent
281 484 393 564 peseto,
421 480 645 562 cataplasmabls
671 480 840 541 fflorames
864 497 902 542 ex
928 479 1132 558 laonizgracei
1153 487 1185 541 et

167 573 221 633 lint
249 569 362 632 semine
383 569 552 632 ¹etssbcrdei
580 570 687 650 erma,
715 568 854 630 adiuncto
876 567 1040 629 sufficienti
1062 571 1183 630 cumino

167 670 199 722 et
221 667 302 741 ruta,
315 659 427 721 'blame
448 667 482 720 et
507 657 584 719 lami
608 657 690 718 bacis
713 673 783 718 oum
805 656 922 718 medico
940 655 1031 718 melle
1048 661 1087 718 et
1103 656 1184 718 otoo.

142 757 199 810 ⁵et
226 757 384 829 postquam
398 747 517 809 ¹tuleris
544 745 734 827 cataplasma,
761 753 832 806 ante
854 751 884 805 et
905 752 988 806 retro
1010 744 1189 818 cucurbitas¹
1230 777 1232 781 ν

164 837 253 900 'dabis
273 845 303 898 et
326 831 543 898 laniemun'dts
566 833 764 896 locetutabis
780 842 813 895 st
835 831 980 896 lasciabis.
1021 841 1053 894 et
1070 835 1186 896 ieiunis

169 926 334 987 antidotum
358 923 645 986 circumamictus
662 924 804 1002 ¹superius
826 921 858 982 ln
878 922 1026 982 nebeten
1047 925 1186 1002 passione

169 1017 380 1094 conscriptum.
427 1021 495 1092 post
522 1007 595 1074 baec
623 1011 764 1091 epithima
778 1010 841 1071 uia
871 1017 1043 1090 spermatcn
1069 1010 1123 1071 vel
1138 1011 1186 1070 dia

169 1120 308 1163 samsucu
336 1119 480 1181 appones,
508 1108 539 1160 et
561 1102 623 1160 acri
646 1099 773 1179 clystere
797 1107 932 1160 ventrem
963 1097 1105 1180 deduces,
1134 1107 1186 1160 aut

130 1204 156 1241 10
170 1198 251 1251 certe
270 1187 414 1268 oxymelle
434 1187 596 1249 cathartico
615 1195 821 1268 competenter
838 1185 993 1268 purgabis,
1017 1186 1097 1267 quod
1116 1206 1186 1268 oxy·

170 1277 229 1338 mel
252 1277 378 1338 interius
400 1278 432 1337 in
455 1275 521 1337 loco
546 1295 600 1336 suo
625 1277 865 1355 conscripsimus.

259 1368 305 1426 sin
322 1381 399 1426 ‘vero
423 1381 491 1426 cum
518 1363 690 1425 terrorest
717 1365 852 1424 tensione
877 1369 908 1424 et
935 1361 1094 1443 gravedine
1118 1381 1187 1424 cum

170 1453 321 1534 aliquanto
349 1451 450 1513 dolore
470 1453 572 1532 'ipsam
597 1454 727 1513 tumoris
755 1453 816 1512 sive
841 1449 1002 1513 inflationis
1025 1454 1186 1513 erientiam

169 1543 201 1603 in
225 1539 365 1603 cruribus
389 1543 539 1603 senserint
561 1545 749 1621 aegrotantes
776 1549 912 1620 tempore
936 1557 995 1619 quc
1017 1542 1113 1619 magis
1136 1540 1187 1602 de-

130 1643 156 1684 15
170 1629 398 1712 ambulaverint,
426 1637 545 1712 oportet
573 1629 635 1691 sola
658 1645 747 1690 crura
769 1645 825 1708 per
847 1635 944 1689 tutum
967 1628 1130 1690 levioribus
1154 1647 1188 1689 ac

168 1717 272 1782 multis
300 1717 474 1780 laceraturls
499 1719 639 1791 scarlfare
663 1736 698 1778 eo
722 1715 810 1779 modo
840 1735 899 1796 quc
922 1719 1061 1797 superius
1087 1718 1188 1797 ignem

170 1825 289 1870 sacrum
319 1807 460 1868 scaritare
490 1805 711 1888 praecepimus,
740 1805 786 1866 vel
815 1823 871 1886 pro
902 1806 1090 1866 maritatione
1121 1822 1187 1867 san-

170 1898 310 1974 guisugas
334 1911 473 1974 appones.
515 1902 545 1954 et
574 1901 642 1974 post
665 1891 888 1956 detractionem·
903 1895 1055 1974 sanguinis
1078 1894 1188 1956 tactam

169 1999 289 2062 poscam
318 2001 386 2042 curm
414 1979 530 2042 morllco
559 1979 688 2041 alumine
722 1975 915 2064 temperabis,
948 1999 985 2043 ex
1012 1999 1070 2062 qua
1097 1999 1188 2062 posca

129 2085 157 2124 ao
169 2068 324 2150 penicillos
352 2068 442 2176 rudes
470 2085 504 2130 ac
531 2067 686 2174 molliores
697 2069 863 2174 moderate
890 2089 1052 2174 ,expressos
1083 2089 1188 2152 super·

169 2163 322 2327 233le
350 2156 722 2327 lttllnttltt‘lt
745 2157 1188 2328 {latitii'ttnltlll

245 2528 344 2577 ivero
362 2536 412 2578 orn.
433 2537 455 2578 c.
546 2521 686 2578 ecimino
704 2538 732 2589 c,
749 2523 825 2580 cralo
838 2537 870 2592 p.
959 2524 1147 2580 abscessum
1165 2541 1188 2593 c,

170 2593 256 2647 bacas
269 2607 300 2660 p.
388 2599 404 2648 o
422 2589 537 2648 babebis
555 2595 599 2658 (ecl
615 2597 729 2664 semper)
742 2609 772 2661 p.
846 2595 875 2650 et
892 2593 1025 2652 fasciebis
1043 2612 1070 2652 c:
1089 2611 1141 2650 cm.
1159 2613 1189 2664 p.

171 2697 307 2784 igliarefi
320 2695 390 2780 blic-
397 2714 443 2782 ρ..
500 2703 513 2754 i
532 2697 657 2754 effretica
675 2665 871 2773 elemosena
888 2701 952 2768 (sic)
968 2707 1011 2770 2⁰⁰·
1094 2707 1111 2756 8
1131 2717 1147 2756 e
1166 2699 1190 2754 i-

170 2767 272 2826 thumlc
294 2786 321 2838 c,
346 2769 445 2850 epith’p
463 2785 493 2839 p.
580 2767 719 2840 decepisse
739 2791 770 2842 p.
852 2766 969 2828 disseri
993 2775 1063 2826 suci
1086 2787 1115 2839 c,
1162 2771 1189 2826 'a

171 2841 252 2896 sesac
263 2857 294 2911 p.
368 2839 546 2896 9cl1steric.
620 2840 733 2898 deducis
747 2861 784 2914 p,
804 2841 879 2898 -cit
897 2859 920 2898 c.
993 2847 1026 2896 10
1047 2842 1188 2907 oximelc,

170 2911 254 2968 oxiel'
269 2929 299 2984 p.
374 2909 476 2968 oximel
495 2927 521 2982 c,
541 2911 618 2966 oxiel
630 2927 662 2982 p.
745 2919 778 2972 11
802 2911 933 2968 inferius:
957 2913 1038 2968 immo
1062 2913 1189 2983 superius

170 2985 205 3050 (c.
225 2985 281 3052 34).
361 2981 412 3038 inl.
432 2999 481 3038 suo
501 2981 562 3038 loco
577 2999 608 3052 p.
692 2989 726 3040 ta
745 2981 796 3039 Sin
813 3001 840 3040 c:
865 2983 895 3038 Si
908 2999 939 3055 p.
1013 2981 1189 3038 eliensibus

170 3069 298 3177 &eles
316 3051 835 3181 delicatissimarum
854 3072 875 3110 ⁶·
951 3053 1189 3179 ,pappnnppnp

173 3197 206 3247 1ss
230 3165 381 3274 scarific'ari
398 3207 413 3247 c
431 3197 508 3262 (-re
521 3198 563 3262 p).
654 3213 687 3250 eo
704 3211 781 3266 pce
819 3211 867 3250 om
887 3211 909 3250 c.
1002 3201 1034 3250 ll
1050 3141 1149 3250 {man
1167 3211 1190 3252 c.

172 3262 304 3317 scanlare
322 3262 434 3330 (stripe
454 3264 572 3318 «licere
591 3279 612 3319 c.
702 3284 753 3336 pro
772 3266 963 3322 scantationes
985 3283 1036 3336 pro
1056 3265 1189 3322 scafilare

170 3333 236 3400 (sic)
253 3347 294 3401 cp.
370 3337 402 3386 19
422 3348 456 3386 ex
470 3349 527 3402 qus
543 3349 675 3404 poscsp:
695 3351 852 3407 exaqusc.
924 3341 959 3391 20
978 3336 1132 3406 pcnlcellos
1146 3352 1188 3404 cp.

171 3403 303 3459 meliores
318 3419 344 3458 c=
364 3401 504 3473 molles-p.
576 3410 609 3459 at
625 3405 707 3476 ponis
720 3425 762 3478 cp.
836 3405 892 3464 ,IlI.
906 3409 970 3475 (alc)
983 3423 1027 3477 cp.
1101 3405 1190 3480 dialis

172 3508 195 3560 c,
214 3479 348 3564 dinllcec}
365 3494 447 3559 (corr.
465 3491 585 3561 obscum)
597 3511 628 3563 p.
708 3501 742 3550 aa
756 3511 786 3551 o:
803 3511 853 3552 orm
872 3511 906 3565 cp
925 3497 973 3566 (cs.
992 3511 1014 3552 c.
1034 3501 1077 3551 88.
1096 3496 1155 3564 tc).
