2588 4028
482 221 723 286 -105-

182 363 261 424 aliud
276 365 418 444 epithima
436 363 484 425 dia
499 383 639 427 samsucu
658 363 836 444 appellatum
854 365 962 426 similia
975 365 1107 428 medens.

89 453 199 530 recipit
223 456 353 515 samsuci
375 461 407 514 et
428 452 571 516 bacarum
593 453 671 513 lauri
689 455 836 514 siccarum
854 462 885 514 et
906 454 986 515 lacni
1007 457 1107 535 graeci

89 539 185 600 moliti
203 543 339 604 omnium
356 543 450 603 trium
468 541 560 603 libras
578 541 723 624 singulas,
746 543 818 602 nitri
837 546 863 598 2
881 541 908 602 ll
923 541 958 624 S,
981 545 1107 606 storacis

89 627 244 690 calamitae
267 632 372 710 optimi
395 634 422 686 2.
445 630 501 714 lll,
528 647 614 692 cerae
636 628 695 692 olei
718 631 834 710 cyprini
861 628 953 691 libras
975 630 1106 712 singrrlas

88 719 197 798 semia,
224 720 342 778 resinae
369 718 567 781 terebintlnae
593 717 685 780 libras
711 717 793 780 duas.
835 735 913 798 quae
937 729 1007 780 sunt
1028 723 1133 782 siccat

86 803 252 883 diligenter
284 807 392 868 tundes
424 816 455 868 et
485 825 592 869 cernes
624 817 655 868 et
687 809 730 868 sic
757 805 935 868 solubilibus
966 808 1107 869 resolutis

87 909 340 976 superasperges‚
362 905 394 956 et
415 896 546 958 movebis
569 896 665 957 donec
688 895 891 976 coagulentur.

180 981 217 1042 ad
245 985 387 1045 vomitum
418 985 682 1065 constringendum
714 985 752 1046 de
784 983 988 1046 vindiciani
1019 986 1105 1048 Atra

13 1137 14 1154 χ
88 1071 230 1131 mastices
248 1080 278 1132 et
296 1090 369 1136 urae
391 1091 496 1154 passae
515 1073 687 1136 enucleatae
706 1076 810 1136 unciam
828 1073 969 1155 singulas,
991 1076 1103 1136 cumini

86 1157 193 1218 leviter
226 1161 379 1222 torrefacti
411 1161 461 1223 sci·
492 1163 547 1244 lll‚
578 1165 677 1223 omnia
708 1165 740 1224 in
772 1179 833 1224 uno
861 1163 1041 1245 contundes,
1072 1172 1145 1224 et1⁰

13 1237 15 1280 ³
86 1263 187 1325 panno
211 1247 366 1310 inductum
389 1253 468 1312 sieut
490 1251 684 1332 emplastrum
707 1251 860 1312 stomacho
882 1253 1028 1331 impones.

258 1387 358 1452 XLlll.
395 1392 443 1452 hd
468 1393 706 1474 spleneticam
727 1395 942 1472 passionem.

176 1509 231 1572 Est
253 1523 352 1575 autem
377 1513 540 1595 splenetica
565 1517 665 1596 passio
689 1518 819 1576 causatio
844 1517 876 1576 in
899 1515 1002 1595 splene
1027 1535 1102 1595 quae

85 1600 234 1679 contingit
261 1620 331 1663 cum
358 1605 588 1666 insurrectione.
629 1605 767 1682 sequitur
792 1605 940 1682 patientes
972 1607 1102 1666 extantia

84 1697 117 1747 et
134 1686 220 1748 dolor
238 1692 319 1751 circa
336 1694 489 1753 sinistram
507 1691 752 1773 praecordiorum
769 1697 885 1771 partem
903 1699 934 1752 et
951 1690 1102 1752 fastidium
1116 1703 1142 1743 1⁵

84 1785 116 1836 et
139 1781 275 1857 corporis
304 1782 397 1841 totius
419 1781 496 1842 mala
518 1778 675 1862 habitudo,
702 1797 791 1859 quam
814 1777 920 1840 Graeci
942 1779 1102 1841 cachexian

82 1873 199 1926 vocant.

157 1989 171 2035 1
193 1983 331 2053 epithima
347 1998 392 2056 pc,
411 1987 518 2057 epith'a
531 2003 562 2058 p.
671 1986 719 2042 dia
737 2001 895 2042 sementum
914 1988 976 2056 (—i
988 1988 1021 2056 p)
1038 2004 1099 2060 pap.

82 2052 230 2122 appellata
241 2072 268 2124 y.
340 2059 487 2113 taamsuei
501 2059 614 2132 ethacg
628 2059 646 2112 l.
662 2058 785 2127 aiccaap
826 2057 1100 2140 acharumsshaca·

81 2140 182 2194 ramp
201 2155 236 2164 -
254 2126 273 2179 l.
288 2127 425 2182 siccarum
443 2131 495 2198 cp).
568 2127 692 2184 omenti
728 2128 896 2194 :mahtin
914 2127 1059 2182 melhlotr
1068 2145 1099 2197 p.

81 2193 208 2249 omnium
223 2226 257 2236 -
272 2197 398 2269 singulas
415 2216 434 2268 p
452 2199 590 2268 (omnium
607 2199 694 2254 trium
705 2145 799 2252 boras
816 2213 868 2252 om.
887 2198 925 2264 c)=
943 2202 982 2251 ari
998 2197 1027 2250 l'.
1045 2198 1100 2266 Lp

83 2265 444 2339 (tornampartis).
547 2269 703 2339 Nitrnmp.
801 2267 1100 2349 3(30)H.S...5

81 2338 112 2402 (3
132 2338 173 2405 c),
190 2337 253 2392 llll.
272 2356 313 2408 cp.
434 2340 578 2396 storacem
601 2339 753 2395 calamiten
778 2337 918 2409 optimum
939 2355 969 2408 p,
996 2341 1100 2394 storace

80 2406 215 2463 calamita
234 2411 340 2480 optima
358 2427 382 2478 e,
400 2413 492 2469 sturae
511 2410 563 2466 cel’
584 2413 647 2482 (sic,
665 2426 716 2466 can.
736 2411 805 2481 opt.)
819 2426 851 2479 p.
922 2409 1045 2464 llibras
1064 2441 1098 2451 -

80 2478 165 2533 semis
185 2479 255 2549 (Se)
268 2497 313 2551 pa:
333 2487 370 2537 nri
387 2481 414 2539 1‘.
434 2483 454 2537 I.
475 2481 493 2538 S
507 2499 538 2552 p.
612 2489 628 2538 5
644 2481 720 2548 Quae
735 2483 801 2536 aunt
816 2481 934 2537 utenda
947 2480 1099 2550 diligenter

79 2553 155 2604 teres
175 2550 259 2607 etsie
274 2591 280 2606 .
297 2594 302 2607 .
319 2597 325 2608 .
340 2569 362 2608 o.
436 2559 452 2608 'l
471 2554 596 2624 aspergis
620 2555 650 2609 et
671 2569 766 2608 moves
783 2569 843 2622 pap.
915 2553 1098 2624 congolantur

78 2637 139 2690 pap.
214 2623 285 2678 ade
303 2624 456 2680 vindiciani
472 2624 533 2682 atri
567 2627 627 2696 (eie)
644 2641 671 2696 p,
690 2623 801 2680 devinci
820 2623 956 2680 hamach.
978 2626 1096 2690 (masma.

79 2707 133 2746 uve
152 2695 213 2762 ete.)
226 2710 258 2762 p,
276 2709 327 2750 om.
344 2712 366 2751 c.
398 2695 470 2751 idean
483 2698 631 2752 renuentium
644 2699 689 2752 'sic
706 2696 865 2752 accuratius
880 2695 960 2750 babet
975 2695 1096 2750 Praedo-

80 2761 198 2818 Plim'ue
223 2765 340 2830 (Rornae
368 2767 469 2836 editas)
494 2774 526 2835 il,
555 2773 587 2821 11
615 2769 648 2836 (f.
674 2773 727 2824 38·
747 2767 842 2833 Bas.)=
871 2765 935 2834 „Ad
958 2765 1097 2819 vomitum

78 2833 312 2905 restringendum.
338 2837 473 2894 Mastieaa
487 2838 601 2895 anaim
614 2855 709 2906 mam,
724 2835 829 2908 cymini
842 2835 988 2890 denarium
1000 2851 1096 2900 annm,

78 2903 149 2959 haec
176 2905 270 2962 omnia
291 2908 442 2978 separatim
464 2910 545 2979 trita,
569 2911 670 2979 postne
686 2925 744 2964 ava
766 2921 851 2977 passa
868 2904 1016 2960 enucleate
1033 2920 1096 2986 per·

78 2974 193 3046 misccs,
213 2979 242 3031 et
261 2978 351 3034 linteo
367 2979 515 3036 inductum
533 2980 680 3036 stomacho
700 2977 867 3049 supponea.“
939 2982 956 3031 9
972 2979 1096 3031 mechois

77 3061 103 3114 9,
122 3052 176 3100 -c
190 3064 221 3117 p,
240 3051 267 3116 It
283 3051 385 3106 martia
402 3067 425 3106 e.
497 3055 542 3106 ari.
561 3053 588 3118 ἢ
606 3049 628 3105 Ι.
642 3067 674 3120 p.
760 3045 870 3103 cumini
887 3063 920 3117 pa
938 3047 1036 3102 cimini
1053 3063 1095 3116 ep.

80 3122 112 3170 10
132 3118 229 3174 omnia
245 3136 295 3190 pp:
313 3137 364 3177 om.
384 3139 406 3176 c.
514 3138 570 3177 uno
588 3137 639 3192 pp:
657 3119 724 3176 rino
742 3136 764 3176 a.
868 3118 1016 3174 contundis
1033 3136 1093 3190 pap.

79 3193 111 3240 11
127 3187 275 3245 inductum
287 3209 325 3262 pp
339 3193 537 3261 (inducendam
550 3195 588 3263 c)=
606 3191 722 3247 inducto
730 3198 789 3262 12⁰..
846 3191 909 3260 imh
919 3190 1025 3262 alponis
1034 3207 1093 3260 pap.

80 3264 112 3311 12
127 3259 239 3329 Albaue
252 3278 337 3332 aeque
350 3265 387 3319 ad
399 3265 480 3332 ficem
494 3265 560 3319 libri
577 3265 684 3319 iccata
696 3265 790 3320 amnia
808 3264 947 3334 oramate
965 3263 1057 3343 codiee
1067 3279 1093 3331 p.

77 3328 122 3382 Ad
145 3331 250 3400 splenia
273 3333 433 3402 passionem
456 3351 471 3390 a
493 3336 528 3402 (et
549 3337 582 3390 ia
604 3335 671 3390 Iud.
695 3351 773 3405 capp.
792 3338 839 3406 p),
867 3334 910 3389 De
939 3333 1095 3402 splenetrca

76 3400 210 3528 {affine
227 3419 256 3474 p.
330 3411 363 3460 13
382 3405 538 3532 &archonti
555 3406 653 3476 splene
671 3423 699 3473 a,
716 3409 793 3490 ictio
811 3415 824 3461 i
841 3405 927 3478 splen.
942 3421 972 3472 p.
1061 3407 1094 3454 14

97 3513 103 3524 .
177 3490 221 3529 em
239 3493 266 3546 p.
281 3491 313 3545 p.
439 3493 570 3533 cecenan
588 3493 615 3533 ca
634 3493 771 3534 cacesnam
785 3494 816 3547 p.
