2576 4040
512 247 755 311 -1'19-

4 429 5 448 l
122 390 227 453 Graeci
256 399 394 474 ectropas
420 398 540 466 vocant,
568 397 599 450 et
626 389 662 452 ad
690 389 808 452 dolores
834 387 1044 452 intolerabiles.
1089 407 1137 451 re·

123 481 195 559 cipit
213 498 336 559 spumae
356 479 481 560 argenti,
500 496 649 560 cerussae,
666 480 814 558 mastices,
831 480 964 542 omnium
978 492 1015 540 -·.-
1027 485 1139 559 ternas,

121 585 208 628 cerae
238 582 275 630 ÷
301 567 353 649 Vl,
385 569 546 647 iusquiami
572 567 675 628 viridis
705 569 784 648 suoi,
814 565 872 628 olei
899 567 1020 646 myrtlni
1046 564 1138 626 libras

122 656 263 736 singulas.
305 673 381 734 quae
409 663 481 717 sunl
508 657 585 717 sicca
612 663 693 716 teres
721 672 790 718 cum
817 672 891 717 suco
918 656 1078 734 iusquiami
1107 661 1138 715 et

108 746 167 814 ¹sic
201 746 379 806 cerotarium
411 762 512 806 rasum
545 743 730 806 admisoohis.
778 745 867 806 etin
894 760 953 805 usu
986 742 1073 804 tolles
1101 754 1165 804 exo

120 834 188 911 ipso
203 831 397 892 medicamine
416 841 446 894 et
464 839 545 893 teres
562 834 594 894 in
613 833 754 894 mortario
772 831 913 911 plumbeo
927 847 996 894 cum
1015 847 1137 890 rosaceo

121 927 174 980 aut
201 921 340 999 myrtino
358 920 423 982 oleo
453 921 547 981 donec
575 927 753 995 crassescat,
781 927 811 982 et
837 919 936 982 illincs
962 917 1070 980 locum.
1108 925 1138 978 et

120 1009 148 1068 si
166 1007 306 1089 volueris,
325 1027 361 1070 ex
380 1011 445 1088 ipso
464 1007 680 1070 medicamento
700 1008 892 1087 emplastrum
909 1009 1137 1088 superimpones

4 1191 5 1194 Ἴ
120 1103 151 1156 et
178 1095 291 1175 ligabis.

458 1235 569 1298 LXXV.
606 1235 654 1297 Ad
677 1237 800 1297 idema.
973 1245 978 1248 “
1150 1249 1176 1288 10

208 1343 330 1423 Antiqui
353 1362 407 1404 seu
430 1350 547 1404 veteres
570 1343 678 1404 medici
701 1343 805 1404 dicunt
827 1358 894 1404 esse
916 1337 1027 1422 idema,
1053 1340 1133 1419 qnod

119 1450 174 1492 nos
205 1448 346 1510 aquosam
377 1431 560 1492 inflationem
592 1429 732 1510 dicimus,
763 1428 946 1492 subalbidum
980 1435 1010 1490 et
1038 1427 1134 1490 laxam

120 1521 280 1580 extantiam
303 1536 379 1598 quae
402 1517 541 1578 ostendat
563 1517 724 1596 digitorum
746 1519 941 1598 impressione
965 1516 1133 1596 designatas

119 1609 318 1668 concavitates
346 1607 480 1685 corporis
507 1622 675 1684 resurgere.
717 1613 747 1665 et
773 1605 808 1666 iit
833 1603 880 1664 vel
906 1612 1067 1682 generatur
1096 1623 1132 1665 cx

117 1695 266 1774 flegmatis
294 1691 458 1755 substantia
474 1700 538 1770 ,aut
564 1711 601 1753 ex
629 1694 737 1773 spiritu
765 1709 909 1772 vaporoso
937 1693 1016 1754 circa
1043 1692 1135 1773 pedes
1150 1709 1177 1750 ss

117 1782 168 1844 vel
196 1799 285 1842 crura
312 1799 399 1862 saepe
428 1783 567 1842 eveniens
589 1782 621 1842 in
647 1780 768 1864 pthoes,
796 1781 853 1842 hoc
877 1781 976 1841 estin
999 1779 1136 1860 pthisicis

117 1879 150 1932 et
181 1872 214 1930 in
246 1869 413 1951 cachexies,
449 1869 480 1930 id
513 1877 559 1932 est
591 1887 752 1948 corporum
783 1869 868 1932 malis
902 1867 1133 1930 habitudinibus.

118 1959 294 2037 frequenter
322 1960 347 2020 si
375 1976 443 2020 cum
471 1959 555 2018 tenui
583 1956 726 2018 febricula
754 1958 925 2038 contigerit,
957 1955 1134 2037 hydropicas

118 2047 296 2126 supereffert
319 2048 483 2127 passiones,
508 2054 538 2106 et
560 2047 687 2106 maxime
705 2047 737 2106 in
756 2047 933 2110 cachecticis
947 2044 1134 2126 corporibus,

116 2135 148 2196 id
175 2142 221 2196 est
248 2133 324 2194 mala
352 2132 525 2196 habitudine
553 2134 680 2214 allectis,
709 2137 886 2212 praesertim
914 2135 940 2193 si
968 2139 999 2192 et
1020 2135 1134 2194 ventris
1148 2148 1177 2188 ao

117 2223 210 2284 luerit
237 2240 346 2282 cursus
372 2225 404 2282 in
426 2221 536 2302 isdem,
559 2229 593 2282 ut
615 2221 689 2300 dixi,
711 2221 914 2303 passionibus,
941 2218 997 2279 sub
1021 2219 1135 2280 difficili

117 2311 313 2391 temperantia
332 2311 481 2390 corporis,
504 2326 592 2388 quam
611 2307 717 2369 Graeci
736 2310 906 2389 dysonasian
931 2316 1046 2389 vocant,
1074 2315 1133 2368 sto-

116 2399 240 2460 machus
263 2406 398 2460 nocetur.

189 2539 204 2588 1
227 2533 281 2615 beo
299 2534 403 2618 tropas·
419 2549 445 2599 a,
470 2519 553 2602 eipso
567 2548 598 2602 p.
622 2607 641 2616 -
680 2534 734 2617 'li
757 2548 789 2602 cp
811 2532 859 2600 (cf.
882 2531 987 2614 Peiros.
1001 2548 1032 2623 p.
1052 2536 1132 2616 278).

116 2605 264 2660 amasiam
282 2619 310 2670 o,
329 2605 443 2658 maselol
458 2619 487 2672 p.
570 2609 650 2660 oon.
669 2625 697 2672 τ
716 2603 771 2658 ‚HL
786 2619 816 2672 p.
889 2601 908 2656 l'
929 2602 1022 2674 emglr
1041 2619 1067 2670 c,
1087 2620 1133 2660 an.

115 2677 144 2731 l'.
163 2674 184 2727 l.
200 2691 231 2743 p.
304 2673 476 2729 oadmisces
492 2690 522 2743 p,
541 2673 658 2742 omisees
677 2691 698 2730 c.
771 2673 896 2728 inusnm
914 2689 960 2742 ops
980 2689 1044 2728 cum
1063 2689 1134 2743 opus

4 2767 5 2770 ¹
115 2744 201 2801 fuerit
221 2743 296 2800 Patr.
374 2746 402 2798 eb
420 2761 498 2815 exp.
579 2747 700 2814 teuip
717 2745 832 2812 (Patr.):
851 2746 880 2798 ab
898 2759 920 2798 c.
992 2742 1086 2796 illines
1099 2761 1132 2813 p,

117 2815 196 2870 -nis
215 2833 236 2870 o.
327 2819 343 2868 8
362 2815 455 2896 iponis
473 2831 514 2885 op.
606 2821 640 2869 10
657 2815 703 2868 Ad
720 2815 843 2884 hydema
861 2829 876 2868 c
893 2811 999 2880 (idema
1016 2813 1074 2867 ind.
1088 2816 1132 2883 p),

115 2887 160 2942 De
177 2901 282 2954 aquosa
298 2883 451 2940 inflehouo.
478 2887 505 2951 li
514 2901 545 2954 p.
619 2891 651 2939 11
666 2883 760 2939 idema
776 2901 805 2952 p,
823 2883 939 2938 hideme
953 2897 975 2937 c.
1047 2899 1132 2950 quam

116 2974 159 3026 op.
250 2961 283 3010 12
308 2955 457 3012 subalbida
480 2959 510 3010 eb
531 2955 597 3010 laxa
620 2953 747 3009 extantia
765 2969 807 3024 cp.
899 2959 931 3007 13
951 2952 1082 3008 ostendet
1098 2970 1131 3024 p:

115 3027 196 3082 -dib
219 3043 233 3082 c
254 3027 304 3092 (od
325 3043 382 3081 rem
405 3028 439 3094 cf.
473 3025 580 3081 Oribos.
607 3041 715 3098 syncope.
741 3028 774 3090 7,
796 3027 833 3080 35
855 3039 888 3078 ec
909 3022 972 3078 Gal.
993 3023 1036 3090 X,
1055 3029 1130 3093 963).

4 3091 5 3168 j
114 3097 286 3169 ipressiones
305 3114 327 3164 c,
347 3113 446 3152 -nem
460 3113 491 3166 p.
566 3101 599 3150 14
618 3094 742 3165 corporis
760 3111 810 3150 om.
823 3111 852 3164 p.
927 3100 960 3150 16
979 3093 1093 3164 pbhoed'
1108 3113 1132 3164 c,

113 3188 215 3258 panon
232 3187 295 3254 (se)
311 3203 334 3256 p
352 3180 524 3267 (abactae
542 3183 605 3240 oar.
625 3184 668 3252 x,
686 3188 750 3242 esa.
778 3183 843 3254 xa,
861 3185 934 3254 101).
1006 3178 1025 3240 u
1045 3166 1069 3250 ξ
1087 3187 1130 3255 ay-

4 3279 5 3282 *
114 3257 179 3313 sicis
205 3273 232 3325 c,
260 3264 287 3313 .i.
313 3255 424 3326 ptisicrs
445 3270 475 3324 p.
593 3262 625 3311 17
652 3253 778 3312 cacexies
803 3271 831 3325 c,
858 3254 983 3311 cacexios
1011 3257 1076 3324 (sio)
1098 3273 1129 3324 p.

113 3329 204 3385 malas
223 3327 402 3384 habitudines
421 3342 462 3396 cp.
568 3331 602 3381 18
620 3325 769 3397 ydropicus
787 3342 827 3396 ep.
934 3333 965 3382 19
986 3325 1083 3382 efferre
1097 3341 1128 3393 p.

114 3398 263 3455 ceceoticis
282 3415 310 3467 e,
329 3396 459 3453 oaoeiiois
473 3413 504 3466 p.
596 3402 628 3452 21
653 3397 774 3454 hiisdem
797 3414 824 3466 c,
847 3397 957 3453 hisdem
975 3413 1008 3465 p.
1095 3401 1129 3448 22

114 3487 264 3545 discmssis'o
282 3503 309 3554 c,
329 3486 484 3556 distresip
502 3486 546 3553 (tn
563 3503 649 3559 marg.
668 3493 681 3543 i
699 3481 717 3540 h
735 3476 859 3544 did⁰chan
872 3488 926 3554 ρο).

915 3572 968 3627 12*
