<?xml version="1.0" encoding="UTF-8"?>
<!DOCTYPE html PUBLIC "-//W3C//DTD XHTML 1.0 Transitional//EN"
    "http://www.w3.org/TR/xhtml1/DTD/xhtml1-transitional.dtd">
<html xmlns="http://www.w3.org/1999/xhtml" xml:lang="en" lang="en">
 <head>
  <title>
</title>
<meta http-equiv="Content-Type" content="text/html;charset=utf-8" />
  <meta name='ocr-system' content='tesseract 3.04.00' />
  <meta name='ocr-capabilities' content='ocr_page ocr_carea ocr_par ocr_line ocrx_word'/>
</head>
<body>
  <div class='ocr_page' id='page_1' title='image "./cassiifelicisde00feligoog_0094.png"; bbox 0 0 2558 4022; ppageno 0'>
   <div class='ocr_carea' id='block_1_1' title="bbox 506 226 728 290">
    <p class='ocr_par' dir='ltr' id='par_1_1' title="bbox 506 226 728 290">
     <span class='ocr_line' id='line_1_1' title="bbox 506 226 728 290; baseline 0 -16"><span class='ocrx_word' id='word_1_1' title='bbox 506 226 728 290; x_wconf 71' lang='lat'>„73-</span> 
     </span>
    </p>
   </div>
   <div class='ocr_carea' id='block_1_2' title="bbox 110 369 1130 631">
    <p class='ocr_par' dir='ltr' id='par_1_2' title="bbox 110 369 1130 631">
     <span class='ocr_line' id='line_1_2' title="bbox 201 369 1129 448; baseline 0.01 -21"><span class='ocrx_word' id='word_1_2' title='bbox 201 369 248 428; x_wconf 87' lang='lat' dir='ltr'>sin</span> <span class='ocrx_word' id='word_1_3' title='bbox 280 387 352 432; x_wconf 78' lang='lat' dir='ltr'>vero</span> <span class='ocrx_word' id='word_1_4' title='bbox 384 369 568 448; x_wconf 78' lang='lat' dir='ltr'>glutinosum</span> <span class='ocrx_word' id='word_1_5' title='bbox 600 369 719 448; x_wconf 78' lang='lat' dir='ltr'>flegma,</span> <span class='ocrx_word' id='word_1_6' title='bbox 752 371 830 448; x_wconf 86' lang='lat' dir='ltr'>quod</span> <span class='ocrx_word' id='word_1_7' title='bbox 862 371 969 434; x_wconf 86' lang='lat' dir='ltr'>Graeci</span> <span class='ocrx_word' id='word_1_8' title='bbox 998 372 1129 436; x_wconf 85' lang='lat' dir='ltr'>collodes</span> 
     </span>
     <span class='ocr_line' id='line_1_3' title="bbox 111 456 1130 542; baseline 0.01 -28"><span class='ocrx_word' id='word_1_9' title='bbox 111 464 232 537; x_wconf 85' lang='lat' dir='ltr'>vocant,</span> <span class='ocrx_word' id='word_1_10' title='bbox 258 459 373 536; x_wconf 79' lang='lat' dir='ltr'><strong>ingenti</strong></span> <span class='ocrx_word' id='word_1_11' title='bbox 397 465 506 519; x_wconf 85' lang='lat' dir='ltr'>conatu</span> <span class='ocrx_word' id='word_1_12' title='bbox 529 456 566 518; x_wconf 91' lang='lat' dir='ltr'>de</span> <span class='ocrx_word' id='word_1_13' title='bbox 594 457 716 518; x_wconf 77' lang='lat' dir='ltr'><strong>thorace</strong></span> <span class='ocrx_word' id='word_1_14' title='bbox 743 457 817 519; x_wconf 85' lang='lat' dir='ltr'>ferri</span> <span class='ocrx_word' id='word_1_15' title='bbox 838 463 982 536; x_wconf 75' lang='lat' dir='ltr'>senseris,</span> <span class='ocrx_word' id='word_1_16' title='bbox 1012 462 1130 542; x_wconf 78' lang='lat' dir='ltr'>oxymel</span> 
     </span>
     <span class='ocr_line' id='line_1_4' title="bbox 110 543 1130 631; baseline 0.008 -27"><span class='ocrx_word' id='word_1_17' title='bbox 110 545 221 606; x_wconf 89' lang='lat' dir='ltr'>ieiunis</span> <span class='ocrx_word' id='word_1_18' title='bbox 245 543 337 608; x_wconf 87' lang='lat' dir='ltr'>dabis.</span> <span class='ocrx_word' id='word_1_19' title='bbox 374 553 405 607; x_wconf 90' lang='lat' dir='ltr'>ot</span> <span class='ocrx_word' id='word_1_20' title='bbox 423 546 581 608; x_wconf 83' lang='lat' dir='ltr'>coniicitur</span> <span class='ocrx_word' id='word_1_21' title='bbox 598 548 651 608; x_wconf 89' lang='lat' dir='ltr'>sic.</span> <span class='ocrx_word' id='word_1_22' title='bbox 688 545 785 608; x_wconf 88' lang='lat' dir='ltr'>mellis</span> <span class='ocrx_word' id='word_1_23' title='bbox 803 549 909 627; x_wconf 90' lang='lat' dir='ltr'>optimi</span> <span class='ocrx_word' id='word_1_24' title='bbox 926 549 1000 611; x_wconf 89' lang='lat' dir='ltr'>duas</span> <span class='ocrx_word' id='word_1_25' title='bbox 1018 559 1130 631; x_wconf 83' lang='lat' dir='ltr'>partes,</span> 
     </span>
    </p>
   </div>
   <div class='ocr_carea' id='block_1_3' title="bbox 7 629 1129 714">
    <p class='ocr_par' dir='ltr' id='par_1_3' title="bbox 7 629 1129 714">
     <span class='ocr_line' id='line_1_5' title="bbox 7 629 1129 714; baseline 0.008 -22"><span class='ocrx_word' id='word_1_26' title='bbox 7 629 10 640; x_wconf 82' lang='lat'>&#39;</span> <span class='ocrx_word' id='word_1_27' title='bbox 111 635 191 694; x_wconf 85' lang='lat' dir='ltr'>aceti</span> <span class='ocrx_word' id='word_1_28' title='bbox 214 635 338 694; x_wconf 87' lang='lat' dir='ltr'>acrioris</span> <span class='ocrx_word' id='word_1_29' title='bbox 366 633 425 696; x_wconf 83' lang='lat' dir='ltr'>albi</span> <span class='ocrx_word' id='word_1_30' title='bbox 451 641 567 714; x_wconf 90' lang='lat' dir='ltr'>partem</span> <span class='ocrx_word' id='word_1_31' title='bbox 594 652 684 696; x_wconf 90' lang='lat' dir='ltr'>unam</span> <span class='ocrx_word' id='word_1_32' title='bbox 707 652 777 696; x_wconf 87' lang='lat' dir='ltr'>cnm</span> <span class='ocrx_word' id='word_1_33' title='bbox 803 635 903 714; x_wconf 78' lang='lat' dir='ltr'><strong>puleio</strong></span> <span class='ocrx_word' id='word_1_34' title='bbox 926 645 957 698; x_wconf 90' lang='lat' dir='ltr'>et</span> <span class='ocrx_word' id='word_1_35' title='bbox 978 639 1129 702; x_wconf 77' lang='lat' dir='ltr'>radicibus</span> 
     </span>
    </p>
   </div>
   <div class='ocr_carea' id='block_1_4' title="bbox 110 721 1156 1138">
    <p class='ocr_par' dir='ltr' id='par_1_4' title="bbox 110 721 1156 1138">
     <span class='ocr_line' id='line_1_6' title="bbox 111 721 1156 808; baseline 0.006 -26"><span class='ocrx_word' id='word_1_36' title='bbox 111 723 175 800; x_wconf 91' lang='lat' dir='ltr'>apii</span> <span class='ocrx_word' id='word_1_37' title='bbox 198 721 302 784; x_wconf 89' lang='lat' dir='ltr'>viridis</span> <span class='ocrx_word' id='word_1_38' title='bbox 323 721 420 800; x_wconf 83' lang='lat' dir='ltr'>pridie</span> <span class='ocrx_word' id='word_1_39' title='bbox 442 723 550 784; x_wconf 88' lang='lat' dir='ltr'>inlusis</span> <span class='ocrx_word' id='word_1_40' title='bbox 572 722 653 784; x_wconf 84' lang='lat' dir='ltr'>lento</span> <span class='ocrx_word' id='word_1_41' title='bbox 675 725 744 802; x_wconf 84' lang='lat' dir='ltr'>igne</span> <span class='ocrx_word' id='word_1_42' title='bbox 768 724 858 786; x_wconf 89' lang='lat' dir='ltr'>simul</span> <span class='ocrx_word' id='word_1_43' title='bbox 881 743 1006 808; x_wconf 84' lang='lat' dir='ltr'>coques,</span> <span class='ocrx_word' id='word_1_44' title='bbox 1034 727 1156 788; x_wconf 77' lang='lat' dir='ltr'>donec⁶</span> 
     </span>
     <span class='ocr_line' id='line_1_7' title="bbox 110 804 1130 894; baseline 0.006 -24"><span class='ocrx_word' id='word_1_45' title='bbox 110 804 212 870; x_wconf 89' lang='lat' dir='ltr'>mellis</span> <span class='ocrx_word' id='word_1_46' title='bbox 244 809 471 874; x_wconf 81' lang='lat' dir='ltr'>crassitudinem</span> <span class='ocrx_word' id='word_1_47' title='bbox 503 811 685 874; x_wconf 82' lang='lat' dir='ltr'>mediocrem</span> <span class='ocrx_word' id='word_1_48' title='bbox 718 821 824 874; x_wconf 87' lang='lat' dir='ltr'>sumat.</span> <span class='ocrx_word' id='word_1_49' title='bbox 879 821 953 874; x_wconf 88' lang='lat' dir='ltr'>tunc</span> <span class='ocrx_word' id='word_1_50' title='bbox 989 813 1026 875; x_wconf 90' lang='lat' dir='ltr'>ab</span> <span class='ocrx_word' id='word_1_51' title='bbox 1061 817 1130 894; x_wconf 77' lang='lat' dir='ltr'>igue</span> 
     </span>
     <span class='ocr_line' id='line_1_8' title="bbox 111 896 1132 982; baseline 0.006 -24"><span class='ocrx_word' id='word_1_52' title='bbox 111 896 204 960; x_wconf 87' lang='lat' dir='ltr'>tolles</span> <span class='ocrx_word' id='word_1_53' title='bbox 235 905 266 958; x_wconf 89' lang='lat' dir='ltr'>ot</span> <span class='ocrx_word' id='word_1_54' title='bbox 296 915 353 976; x_wconf 88' lang='lat' dir='ltr'>per</span> <span class='ocrx_word' id='word_1_55' title='bbox 382 899 536 962; x_wconf 88' lang='lat' dir='ltr'>linteolum</span> <span class='ocrx_word' id='word_1_56' title='bbox 567 901 712 964; x_wconf 88' lang='lat' dir='ltr'>mundum</span> <span class='ocrx_word' id='word_1_57' title='bbox 740 919 916 980; x_wconf 86' lang='lat' dir='ltr'>expressum</span> <span class='ocrx_word' id='word_1_58' title='bbox 943 901 1071 982; x_wconf 88' lang='lat' dir='ltr'>liquabis</span> <span class='ocrx_word' id='word_1_59' title='bbox 1101 911 1132 964; x_wconf 88' lang='lat' dir='ltr'>et</span> 
     </span>
     <span class='ocr_line' id='line_1_9' title="bbox 113 985 1132 1072; baseline 0.009 -27"><span class='ocrx_word' id='word_1_60' title='bbox 113 985 221 1046; x_wconf 82' lang='lat' dir='ltr'>exinde</span> <span class='ocrx_word' id='word_1_61' title='bbox 258 987 436 1050; x_wconf 75' lang='lat' dir='ltr'>coclearium</span> <span class='ocrx_word' id='word_1_62' title='bbox 462 997 515 1050; x_wconf 91' lang='lat' dir='ltr'>ant</span> <span class='ocrx_word' id='word_1_63' title='bbox 547 987 607 1050; x_wconf 88' lang='lat' dir='ltr'>duo</span> <span class='ocrx_word' id='word_1_64' title='bbox 634 988 825 1069; x_wconf 73' lang='lat' dir='ltr'>singulariter</span> <span class='ocrx_word' id='word_1_65' title='bbox 857 989 904 1052; x_wconf 84' lang='lat' dir='ltr'>rel</span> <span class='ocrx_word' id='word_1_66' title='bbox 935 1009 1004 1052; x_wconf 88' lang='lat' dir='ltr'>cum</span> <span class='ocrx_word' id='word_1_67' title='bbox 1036 993 1132 1072; x_wconf 85' lang='lat' dir='ltr'>apiata</span> 
     </span>
     <span class='ocr_line' id='line_1_10' title="bbox 112 1073 324 1138; baseline 0.014 -4"><span class='ocrx_word' id='word_1_68' title='bbox 112 1073 208 1138; x_wconf 88' lang='lat' dir='ltr'>calida</span> <span class='ocrx_word' id='word_1_69' title='bbox 230 1073 324 1136; x_wconf 81' lang='lat' dir='ltr'>dabir.</span> 
     </span>
    </p>
   </div>
   <div class='ocr_carea' id='block_1_5' title="bbox 206 1161 1224 1250">
    <p class='ocr_par' dir='ltr' id='par_1_5' title="bbox 206 1161 1224 1250">
     <span class='ocr_line' id='line_1_11' title="bbox 206 1161 1224 1250; baseline 0.008 -27"><span class='ocrx_word' id='word_1_70' title='bbox 206 1165 252 1224; x_wconf 91' lang='lat' dir='ltr'>sin</span> <span class='ocrx_word' id='word_1_71' title='bbox 276 1181 346 1226; x_wconf 81' lang='lat' dir='ltr'>vero</span> <span class='ocrx_word' id='word_1_72' title='bbox 369 1182 475 1244; x_wconf 87' lang='lat' dir='ltr'>aspero</span> <span class='ocrx_word' id='word_1_73' title='bbox 496 1165 545 1226; x_wconf 82' lang='lat' dir='ltr'>vel</span> <span class='ocrx_word' id='word_1_74' title='bbox 567 1165 700 1228; x_wconf 89' lang='lat' dir='ltr'>mordaci</span> <span class='ocrx_word' id='word_1_75' title='bbox 721 1166 848 1228; x_wconf 88' lang='lat' dir='ltr'>humore</span> <span class='ocrx_word' id='word_1_76' title='bbox 869 1161 873 1250; x_wconf 85' lang='grc' dir='ltr'>Ι</span> <span class='ocrx_word' id='word_1_77' title='bbox 894 1185 963 1230; x_wconf 90' lang='lat' dir='ltr'>cum</span> <span class='ocrx_word' id='word_1_78' title='bbox 988 1171 1131 1231; x_wconf 87' lang='lat' dir='ltr'>strictura</span> <span class='ocrx_word' id='word_1_79' title='bbox 1140 1191 1165 1232; x_wconf 84' lang='lat' dir='ltr'>r·</span> <span class='ocrx_word' id='word_1_80' title='bbox 1179 1181 1224 1224; x_wconf 77' lang='lat' dir='ltr'>tes.</span> 
     </span>
    </p>
   </div>
   <div class='ocr_carea' id='block_1_6' title="bbox 7 1243 1132 1337">
    <p class='ocr_par' dir='ltr' id='par_1_6' title="bbox 7 1243 1132 1337">
     <span class='ocr_line' id='line_1_12' title="bbox 7 1243 1132 1337; baseline 0.006 -26"><span class='ocrx_word' id='word_1_81' title='bbox 7 1243 9 1260; x_wconf 60' lang='lat'><em>¹</em></span> <span class='ocrx_word' id='word_1_82' title='bbox 113 1253 208 1312; x_wconf 89' lang='lat' dir='ltr'>tussis</span> <span class='ocrx_word' id='word_1_83' title='bbox 234 1251 326 1314; x_wconf 86' lang='lat' dir='ltr'>luerit</span> <span class='ocrx_word' id='word_1_84' title='bbox 353 1261 514 1333; x_wconf 83' lang='lat' dir='ltr'>commota,</span> <span class='ocrx_word' id='word_1_85' title='bbox 541 1254 621 1316; x_wconf 88' lang='lat' dir='ltr'>laeui</span> <span class='ocrx_word' id='word_1_86' title='bbox 647 1257 747 1334; x_wconf 76' lang='lat' dir='ltr'>graeci</span> <span class='ocrx_word' id='word_1_87' title='bbox 774 1274 881 1317; x_wconf 88' lang='lat' dir='ltr'>sucum</span> <span class='ocrx_word' id='word_1_88' title='bbox 910 1257 975 1318; x_wconf 90' lang='lat' dir='ltr'>dari</span> <span class='ocrx_word' id='word_1_89' title='bbox 1004 1265 1132 1337; x_wconf 90' lang='lat' dir='ltr'>oportet.</span> 
     </span>
    </p>
   </div>
   <div class='ocr_carea' id='block_1_7' title="bbox 85 1339 1175 2570">
    <p class='ocr_par' dir='ltr' id='par_1_7' title="bbox 85 1339 1175 2570">
     <span class='ocr_line' id='line_1_13' title="bbox 85 1339 1132 1425; baseline 0.006 -23"><span class='ocrx_word' id='word_1_90' title='bbox 85 1349 163 1402; x_wconf 76' lang='lat' dir='ltr'>,est</span> <span class='ocrx_word' id='word_1_91' title='bbox 190 1341 269 1402; x_wconf 89' lang='lat' dir='ltr'>enim</span> <span class='ocrx_word' id='word_1_92' title='bbox 296 1339 429 1404; x_wconf 82' lang='lat' dir='ltr'>lanificae</span> <span class='ocrx_word' id='word_1_93' title='bbox 455 1343 589 1423; x_wconf 88' lang='lat' dir='ltr'>virtutis,</span> <span class='ocrx_word' id='word_1_94' title='bbox 616 1345 669 1422; x_wconf 87' lang='lat' dir='ltr'>qui</span> <span class='ocrx_word' id='word_1_95' title='bbox 696 1341 790 1404; x_wconf 79' lang='lat' dir='ltr'>valead</span> <span class='ocrx_word' id='word_1_96' title='bbox 816 1343 955 1406; x_wconf 89' lang='lat' dir='ltr'>humoris</span> <span class='ocrx_word' id='word_1_97' title='bbox 975 1347 1132 1425; x_wconf 83' lang='lat' dir='ltr'>asperrimi</span> 
     </span>
     <span class='ocr_line' id='line_1_14' title="bbox 113 1427 1131 1510; baseline 0.004 -20"><span class='ocrx_word' id='word_1_98' title='bbox 113 1427 219 1490; x_wconf 88' lang='lat' dir='ltr'>lenire·</span> <span class='ocrx_word' id='word_1_99' title='bbox 238 1427 409 1507; x_wconf 78' lang='lat' dir='ltr'>qualitatem</span> <span class='ocrx_word' id='word_1_100' title='bbox 435 1438 466 1492; x_wconf 89' lang='lat' dir='ltr'>et</span> <span class='ocrx_word' id='word_1_101' title='bbox 494 1433 653 1492; x_wconf 81' lang='lat' dir='ltr'>stricturae</span> <span class='ocrx_word' id='word_1_102' title='bbox 681 1431 834 1510; x_wconf 87' lang='lat' dir='ltr'>querelam</span> <span class='ocrx_word' id='word_1_103' title='bbox 860 1432 1020 1494; x_wconf 81' lang='lat' dir='ltr'>relaxando</span> <span class='ocrx_word' id='word_1_104' title='bbox 1053 1435 1131 1496; x_wconf 92' lang='lat' dir='ltr'>miti·</span> 
     </span>
     <span class='ocr_line' id='line_1_15' title="bbox 114 1517 1132 1601; baseline 0.006 -25"><span class='ocrx_word' id='word_1_105' title='bbox 114 1533 194 1596; x_wconf 82' lang='lat' dir='ltr'>gare.</span> <span class='ocrx_word' id='word_1_106' title='bbox 235 1524 266 1578; x_wconf 88' lang='lat' dir='ltr'>et</span> <span class='ocrx_word' id='word_1_107' title='bbox 293 1518 451 1578; x_wconf 83' lang='lat' dir='ltr'>conficitur</span> <span class='ocrx_word' id='word_1_108' title='bbox 476 1517 535 1579; x_wconf 94' lang='lat' dir='ltr'>hoc</span> <span class='ocrx_word' id='word_1_109' title='bbox 557 1518 654 1579; x_wconf 92' lang='lat' dir='ltr'>modo.</span> <span class='ocrx_word' id='word_1_110' title='bbox 697 1521 825 1598; x_wconf 88' lang='lat' dir='ltr'>accipies</span> <span class='ocrx_word' id='word_1_111' title='bbox 848 1521 968 1584; x_wconf 84' lang='lat' dir='ltr'>laeuum</span> <span class='ocrx_word' id='word_1_112' title='bbox 991 1540 1132 1601; x_wconf 77' lang='lat' dir='ltr'>graecum</span> 
     </span>
     <span class='ocr_line' id='line_1_16' title="bbox 113 1604 1173 1688; baseline 0.005 -22"><span class='ocrx_word' id='word_1_113' title='bbox 113 1612 276 1684; x_wconf 79' lang='lat' dir='ltr'>purgatum</span> <span class='ocrx_word' id='word_1_114' title='bbox 294 1613 325 1668; x_wconf 89' lang='lat' dir='ltr'>et</span> <span class='ocrx_word' id='word_1_115' title='bbox 341 1623 419 1684; x_wconf 87' lang='lat' dir='ltr'>aqua</span> <span class='ocrx_word' id='word_1_116' title='bbox 438 1604 518 1666; x_wconf 90' lang='lat' dir='ltr'>dulci</span> <span class='ocrx_word' id='word_1_117' title='bbox 540 1604 650 1666; x_wconf 84' lang='lat' dir='ltr'>lavabis</span> <span class='ocrx_word' id='word_1_118' title='bbox 668 1613 702 1668; x_wconf 89' lang='lat' dir='ltr'>ut</span> <span class='ocrx_word' id='word_1_119' title='bbox 724 1614 841 1668; x_wconf 85' lang='lat' dir='ltr'>terrosa</span> <span class='ocrx_word' id='word_1_120' title='bbox 859 1618 959 1670; x_wconf 86' lang='lat' dir='ltr'>careat</span> <span class='ocrx_word' id='word_1_121' title='bbox 982 1610 1173 1688; x_wconf 67' lang='lat' dir='ltr'>qualitatem</span> 
     </span>
     <span class='ocr_line' id='line_1_17' title="bbox 114 1693 1134 1777; baseline 0.005 -24"><span class='ocrx_word' id='word_1_122' title='bbox 114 1701 188 1754; x_wconf 91' lang='lat' dir='ltr'>tunc</span> <span class='ocrx_word' id='word_1_123' title='bbox 209 1712 299 1773; x_wconf 87' lang='lat' dir='ltr'>snpra</span> <span class='ocrx_word' id='word_1_124' title='bbox 321 1695 515 1756; x_wconf 89' lang='lat' dir='ltr'>tenuissimos</span> <span class='ocrx_word' id='word_1_125' title='bbox 533 1693 678 1756; x_wconf 87' lang='lat' dir='ltr'>carbones</span> <span class='ocrx_word' id='word_1_126' title='bbox 696 1693 802 1756; x_wconf 84' lang='lat' dir='ltr'>leviter</span> <span class='ocrx_word' id='word_1_127' title='bbox 821 1713 941 1777; x_wconf 88' lang='lat' dir='ltr'>coques,</span> <span class='ocrx_word' id='word_1_128' title='bbox 963 1703 997 1757; x_wconf 87' lang='lat' dir='ltr'>nt</span> <span class='ocrx_word' id='word_1_129' title='bbox 1015 1715 1134 1758; x_wconf 90' lang='lat' dir='ltr'>omnem</span> 
     </span>
     <span class='ocr_line' id='line_1_18' title="bbox 115 1781 1134 1866; baseline 0.003 -24"><span class='ocrx_word' id='word_1_130' title='bbox 115 1782 287 1844; x_wconf 87' lang='lat' dir='ltr'>acredinem</span> <span class='ocrx_word' id='word_1_131' title='bbox 305 1781 442 1863; x_wconf 84' lang='lat' dir='ltr'>deponat,</span> <span class='ocrx_word' id='word_1_132' title='bbox 461 1789 492 1844; x_wconf 85' lang='lat' dir='ltr'>et</span> <span class='ocrx_word' id='word_1_133' title='bbox 510 1782 640 1845; x_wconf 90' lang='lat' dir='ltr'>secunda</span> <span class='ocrx_word' id='word_1_134' title='bbox 661 1799 738 1862; x_wconf 90' lang='lat' dir='ltr'>aqua</span> <span class='ocrx_word' id='word_1_135' title='bbox 757 1783 885 1846; x_wconf 88' lang='lat' dir='ltr'>mutabis</span> <span class='ocrx_word' id='word_1_136' title='bbox 904 1784 1008 1846; x_wconf 87' lang='lat' dir='ltr'>delusa</span> <span class='ocrx_word' id='word_1_137' title='bbox 1030 1787 1134 1866; x_wconf 80' lang='lat' dir='ltr'>priori,</span> 
     </span>
     <span class='ocr_line' id='line_1_19' title="bbox 114 1871 1134 1954; baseline 0.005 -24"><span class='ocrx_word' id='word_1_138' title='bbox 114 1879 146 1932; x_wconf 91' lang='lat' dir='ltr'>et</span> <span class='ocrx_word' id='word_1_139' title='bbox 173 1873 284 1933; x_wconf 89' lang='lat' dir='ltr'>iterum</span> <span class='ocrx_word' id='word_1_140' title='bbox 308 1888 419 1950; x_wconf 89' lang='lat' dir='ltr'>coques</span> <span class='ocrx_word' id='word_1_141' title='bbox 446 1873 488 1932; x_wconf 88' lang='lat' dir='ltr'>ita</span> <span class='ocrx_word' id='word_1_142' title='bbox 510 1879 545 1932; x_wconf 90' lang='lat' dir='ltr'>nt</span> <span class='ocrx_word' id='word_1_143' title='bbox 570 1874 635 1952; x_wconf 91' lang='lat' dir='ltr'>ipsa</span> <span class='ocrx_word' id='word_1_144' title='bbox 663 1871 797 1934; x_wconf 84' lang='lat' dir='ltr'>decoctio</span> <span class='ocrx_word' id='word_1_145' title='bbox 826 1872 974 1954; x_wconf 77' lang='lat' dir='ltr'>glutinosa</span> <span class='ocrx_word' id='word_1_146' title='bbox 996 1875 1028 1936; x_wconf 94' lang='lat' dir='ltr'>in</span> <span class='ocrx_word' id='word_1_147' title='bbox 1052 1875 1134 1935; x_wconf 91' lang='lat' dir='ltr'>simi·</span> 
     </span>
     <span class='ocr_line' id='line_1_20' title="bbox 114 1958 1134 2042; baseline 0.005 -22"><span class='ocrx_word' id='word_1_148' title='bbox 114 1959 273 2020; x_wconf 84' lang='lat' dir='ltr'>litudinem</span> <span class='ocrx_word' id='word_1_149' title='bbox 302 1958 410 2020; x_wconf 90' lang='lat' dir='ltr'>coloris</span> <span class='ocrx_word' id='word_1_150' title='bbox 437 1961 499 2020; x_wconf 84' lang='lat' dir='ltr'>vini</span> <span class='ocrx_word' id='word_1_151' title='bbox 525 1959 686 2040; x_wconf 81' lang='lat' dir='ltr'>redigatur.</span> <span class='ocrx_word' id='word_1_152' title='bbox 728 1967 801 2022; x_wconf 86' lang='lat' dir='ltr'>tuno</span> <span class='ocrx_word' id='word_1_153' title='bbox 828 1960 865 2022; x_wconf 93' lang='lat' dir='ltr'>ab</span> <span class='ocrx_word' id='word_1_154' title='bbox 892 1964 961 2042; x_wconf 77' lang='lat' dir='ltr'>igne</span> <span class='ocrx_word' id='word_1_155' title='bbox 989 1963 1076 2024; x_wconf 91' lang='lat' dir='ltr'>tolles</span> <span class='ocrx_word' id='word_1_156' title='bbox 1103 1970 1134 2024; x_wconf 88' lang='lat' dir='ltr'>ei</span> 
     </span>
     <span class='ocr_line' id='line_1_21' title="bbox 114 2047 1173 2130; baseline 0.004 -22"><span class='ocrx_word' id='word_1_157' title='bbox 114 2065 171 2127; x_wconf 90' lang='lat' dir='ltr'>per</span> <span class='ocrx_word' id='word_1_158' title='bbox 200 2047 356 2110; x_wconf 88' lang='lat' dir='ltr'>linteolum</span> <span class='ocrx_word' id='word_1_159' title='bbox 378 2047 523 2110; x_wconf 90' lang='lat' dir='ltr'>muudum</span> <span class='ocrx_word' id='word_1_160' title='bbox 545 2048 687 2130; x_wconf 88' lang='lat' dir='ltr'>bquabis,</span> <span class='ocrx_word' id='word_1_161' title='bbox 710 2054 741 2108; x_wconf 87' lang='lat' dir='ltr'>et</span> <span class='ocrx_word' id='word_1_162' title='bbox 768 2049 851 2110; x_wconf 87' lang='lat' dir='ltr'>dabis</span> <span class='ocrx_word' id='word_1_163' title='bbox 874 2053 984 2112; x_wconf 90' lang='lat' dir='ltr'>ieiunis</span> <span class='ocrx_word' id='word_1_164' title='bbox 1007 2070 1044 2112; x_wconf 85' lang='lat' dir='ltr'>ex</span> <span class='ocrx_word' id='word_1_165' title='bbox 1067 2054 1132 2130; x_wconf 88' lang='lat' dir='ltr'>ipso</span> <span class='ocrx_word' id='word_1_166' title='bbox 1147 2065 1173 2104; x_wconf 76' lang='lat'>2⁰</span> 
     </span>
     <span class='ocr_line' id='line_1_22' title="bbox 116 2135 1135 2216; baseline 0.002 -20"><span class='ocrx_word' id='word_1_167' title='bbox 116 2155 190 2196; x_wconf 90' lang='lat' dir='ltr'>suco</span> <span class='ocrx_word' id='word_1_168' title='bbox 220 2135 341 2196; x_wconf 90' lang='lat' dir='ltr'>calicem</span> <span class='ocrx_word' id='word_1_169' title='bbox 364 2153 459 2196; x_wconf 90' lang='lat' dir='ltr'>unum</span> <span class='ocrx_word' id='word_1_170' title='bbox 482 2135 662 2211; x_wconf 86' lang='lat' dir='ltr'>mediocrem</span> <span class='ocrx_word' id='word_1_171' title='bbox 686 2135 815 2197; x_wconf 79' lang='lat' dir='ltr'>admixto</span> <span class='ocrx_word' id='word_1_172' title='bbox 842 2138 939 2198; x_wconf 90' lang='lat' dir='ltr'>mellis</span> <span class='ocrx_word' id='word_1_173' title='bbox 966 2139 1135 2216; x_wconf 88' lang='lat' dir='ltr'>despumati</span> 
     </span>
     <span class='ocr_line' id='line_1_23' title="bbox 117 2222 1136 2286; baseline 0 0"><span class='ocrx_word' id='word_1_174' title='bbox 117 2224 265 2286; x_wconf 85' lang='lat' dir='ltr'>cocleario</span> <span class='ocrx_word' id='word_1_175' title='bbox 297 2242 366 2286; x_wconf 91' lang='lat' dir='ltr'>uno.</span> <span class='ocrx_word' id='word_1_176' title='bbox 413 2231 443 2284; x_wconf 93' lang='lat' dir='ltr'>et</span> <span class='ocrx_word' id='word_1_177' title='bbox 475 2225 501 2283; x_wconf 90' lang='lat' dir='ltr'>si</span> <span class='ocrx_word' id='word_1_178' title='bbox 533 2224 610 2284; x_wconf 86' lang='lat' dir='ltr'>forte</span> <span class='ocrx_word' id='word_1_179' title='bbox 643 2222 739 2284; x_wconf 92' lang='lat' dir='ltr'>adbuc</span> <span class='ocrx_word' id='word_1_180' title='bbox 766 2225 888 2284; x_wconf 91' lang='lat' dir='ltr'>minime</span> <span class='ocrx_word' id='word_1_181' title='bbox 920 2225 1012 2285; x_wconf 87' lang='lat' dir='ltr'>luerit</span> <span class='ocrx_word' id='word_1_182' title='bbox 1039 2225 1136 2286; x_wconf 90' lang='lat' dir='ltr'>soluta</span> 
     </span>
     <span class='ocr_line' id='line_1_24' title="bbox 115 2311 1135 2393; baseline 0 -19"><span class='ocrx_word' id='word_1_183' title='bbox 115 2313 249 2392; x_wconf 88' lang='lat' dir='ltr'>thoracis</span> <span class='ocrx_word' id='word_1_184' title='bbox 277 2313 466 2392; x_wconf 90' lang='lat' dir='ltr'>constrictio,</span> <span class='ocrx_word' id='word_1_185' title='bbox 493 2313 573 2372; x_wconf 88' lang='lat' dir='ltr'>inter</span> <span class='ocrx_word' id='word_1_186' title='bbox 598 2311 734 2392; x_wconf 87' lang='lat' dir='ltr'>scapulas</span> <span class='ocrx_word' id='word_1_187' title='bbox 762 2311 842 2374; x_wconf 89' lang='lat' dir='ltr'>circa</span> <span class='ocrx_word' id='word_1_188' title='bbox 869 2312 1005 2393; x_wconf 77' lang='lat' dir='ltr'>spondyli</span> <span class='ocrx_word' id='word_1_189' title='bbox 1036 2313 1135 2376; x_wconf 87' lang='lat' dir='ltr'>locum</span> 
     </span>
     <span class='ocr_line' id='line_1_25' title="bbox 116 2398 1135 2482; baseline 0 -18"><span class='ocrx_word' id='word_1_190' title='bbox 116 2403 340 2481; x_wconf 83' lang='lat' dir='ltr'>praevaporatis</span> <span class='ocrx_word' id='word_1_191' title='bbox 363 2398 499 2480; x_wconf 90' lang='lat' dir='ltr'>partibus</span> <span class='ocrx_word' id='word_1_192' title='bbox 523 2399 676 2462; x_wconf 89' lang='lat' dir='ltr'>scarilabis</span> <span class='ocrx_word' id='word_1_193' title='bbox 695 2408 726 2461; x_wconf 88' lang='lat' dir='ltr'>et</span> <span class='ocrx_word' id='word_1_194' title='bbox 747 2417 804 2480; x_wconf 91' lang='lat' dir='ltr'>per</span> <span class='ocrx_word' id='word_1_195' title='bbox 824 2401 996 2464; x_wconf 88' lang='lat' dir='ltr'>cucurbitae</span> <span class='ocrx_word' id='word_1_196' title='bbox 1016 2410 1135 2482; x_wconf 86' lang='lat' dir='ltr'>raptum</span> 
     </span>
     <span class='ocr_line' id='line_1_26' title="bbox 118 2489 1175 2570; baseline -0.004 -20"><span class='ocrx_word' id='word_1_197' title='bbox 118 2496 339 2570; x_wconf 86' lang='lat' dir='ltr'>competentem</span> <span class='ocrx_word' id='word_1_198' title='bbox 362 2490 515 2568; x_wconf 79' lang='lat' dir='ltr'>sanguinis</span> <span class='ocrx_word' id='word_1_199' title='bbox 538 2489 617 2568; x_wconf 73' lang='lat' dir='ltr'>quood</span> <span class='ocrx_word' id='word_1_200' title='bbox 638 2489 812 2550; x_wconf 81' lang='lat' dir='ltr'>relaxationi</span> <span class='ocrx_word' id='word_1_201' title='bbox 835 2491 986 2552; x_wconf 80' lang='lat' dir='ltr'>faciendae</span> <span class='ocrx_word' id='word_1_202' title='bbox 1006 2492 1134 2568; x_wconf 81' lang='lat' dir='ltr'>sufficiat</span> <span class='ocrx_word' id='word_1_203' title='bbox 1148 2504 1175 2546; x_wconf 79' lang='lat' dir='ltr'>as</span> 
     </span>
    </p>
   </div>
   <div class='ocr_carea' id='block_1_8' title="bbox 117 2623 1136 3543">
    <p class='ocr_par' dir='ltr' id='par_1_8' title="bbox 117 2623 1136 3543">
     <span class='ocr_line' id='line_1_27' title="bbox 118 2623 1134 2780; baseline 0 -29"><span class='ocrx_word' id='word_1_204' title='bbox 118 2713 153 2751; x_wconf 67' lang='lat' dir='ltr'>a</span> <span class='ocrx_word' id='word_1_205' title='bbox 171 2623 860 2780; x_wconf 58' lang='lat' dir='ltr'>loti.ltel.ta..1tiiilt.iel⁰.titi</span> <span class='ocrx_word' id='word_1_206' title='bbox 893 2627 1134 2779; x_wconf 57' lang='lat' dir='ltr'>sdyifliiiiff</span> 
     </span>
     <span class='ocr_line' id='line_1_28' title="bbox 117 2765 1134 2846; baseline 0.001 -24"><span class='ocrx_word' id='word_1_207' title='bbox 117 2767 190 2822; x_wconf 82' lang='lat' dir='ltr'>duas</span> <span class='ocrx_word' id='word_1_208' title='bbox 207 2768 303 2836; x_wconf 85' lang='lat' dir='ltr'>partes</span> <span class='ocrx_word' id='word_1_209' title='bbox 322 2783 352 2846; x_wconf 73' lang='lat'>9:</span> <span class='ocrx_word' id='word_1_210' title='bbox 371 2767 465 2836; x_wconf 78' lang='lat' dir='ltr'>partes</span> <span class='ocrx_word' id='word_1_211' title='bbox 483 2765 571 2836; x_wconf 63' lang='lat' dir='ltr'>IMP-</span> <span class='ocrx_word' id='word_1_212' title='bbox 674 2773 692 2820; x_wconf 82' lang='lat'>4</span> <span class='ocrx_word' id='word_1_213' title='bbox 711 2769 804 2822; x_wconf 81' lang='lat' dir='ltr'>aooeb</span> <span class='ocrx_word' id='word_1_214' title='bbox 820 2784 846 2836; x_wconf 80' lang='lat' dir='ltr'>p.</span> <span class='ocrx_word' id='word_1_215' title='bbox 948 2768 1090 2822; x_wconf 77' lang='lat' dir='ltr'>mdrmbue</span> <span class='ocrx_word' id='word_1_216' title='bbox 1109 2783 1134 2823; x_wconf 88' lang='lat' dir='ltr'>a.</span> 
     </span>
     <span class='ocr_line' id='line_1_29' title="bbox 117 2835 1134 2907; baseline 0.001 -14"><span class='ocrx_word' id='word_1_217' title='bbox 117 2837 219 2894; x_wconf 78' lang='lat' dir='ltr'>viridis</span> <span class='ocrx_word' id='word_1_218' title='bbox 237 2835 385 2905; x_wconf 70' lang='lat' dir='ltr'>(viridibus</span> <span class='ocrx_word' id='word_1_219' title='bbox 399 2839 424 2907; x_wconf 85' lang='lat' dir='ltr'>e)</span> <span class='ocrx_word' id='word_1_220' title='bbox 442 2855 469 2906; x_wconf 87' lang='lat' dir='ltr'>p.</span> <span class='ocrx_word' id='word_1_221' title='bbox 483 2835 584 2892; x_wconf 73' lang='lat' dir='ltr'>infensis</span> <span class='ocrx_word' id='word_1_222' title='bbox 598 2851 644 2906; x_wconf 82' lang='lat' dir='ltr'>ep:</span> <span class='ocrx_word' id='word_1_223' title='bbox 662 2838 771 2892; x_wconf 80' lang='lat' dir='ltr'>radices</span> <span class='ocrx_word' id='word_1_224' title='bbox 785 2853 810 2892; x_wconf 87' lang='lat' dir='ltr'>a.</span> <span class='ocrx_word' id='word_1_225' title='bbox 824 2837 929 2893; x_wconf 82' lang='lat' dir='ltr'>virides</span> <span class='ocrx_word' id='word_1_226' title='bbox 943 2855 971 2906; x_wconf 90' lang='lat' dir='ltr'>p.</span> <span class='ocrx_word' id='word_1_227' title='bbox 989 2836 1095 2890; x_wconf 86' lang='lat' dir='ltr'>infusas</span> <span class='ocrx_word' id='word_1_228' title='bbox 1108 2853 1134 2906; x_wconf 75' lang='lat'>9.</span> 
     </span>
     <span class='ocr_line' id='line_1_30' title="bbox 120 2899 1136 2978; baseline -0.003 -13"><span class='ocrx_word' id='word_1_229' title='bbox 120 2899 315 2978; x_wconf 63' lang='lat' dir='ltr'>lexpressum</span> <span class='ocrx_word' id='word_1_230' title='bbox 334 2925 379 2978; x_wconf 78' lang='lat' dir='ltr'>cp:</span> <span class='ocrx_word' id='word_1_231' title='bbox 399 2910 572 2976; x_wconf 83' lang='lat' dir='ltr'>obpressum</span> <span class='ocrx_word' id='word_1_232' title='bbox 590 2924 615 2977; x_wconf 80' lang='lat'>9.</span> <span class='ocrx_word' id='word_1_233' title='bbox 690 2913 724 2962; x_wconf 87' lang='lat'>10</span> <span class='ocrx_word' id='word_1_234' title='bbox 743 2907 787 2962; x_wconf 89' lang='lat' dir='ltr'>sin</span> <span class='ocrx_word' id='word_1_235' title='bbox 804 2923 849 2977; x_wconf 72' lang='lat' dir='ltr'>pes</span> <span class='ocrx_word' id='word_1_236' title='bbox 875 2907 944 2976; x_wconf 79' lang='lat' dir='ltr'>sip.</span> <span class='ocrx_word' id='word_1_237' title='bbox 1018 2907 1136 2962; x_wconf 77' lang='lat' dir='ltr'>sbiclura</span> 
     </span>
     <span class='ocr_line' id='line_1_31' title="bbox 117 2976 1134 3050; baseline -0.001 -16"><span class='ocrx_word' id='word_1_238' title='bbox 117 2997 136 3050; x_wconf 75' lang='lat'><strong><em>9</em></strong></span> <span class='ocrx_word' id='word_1_239' title='bbox 155 2984 199 3049; x_wconf 81' lang='lat' dir='ltr'>(ut</span> <span class='ocrx_word' id='word_1_240' title='bbox 218 2995 305 3048; x_wconf 78' lang='lat' dir='ltr'>supra</span> <span class='ocrx_word' id='word_1_241' title='bbox 318 2996 350 3048; x_wconf 82' lang='lat' dir='ltr'>p.</span> <span class='ocrx_word' id='word_1_242' title='bbox 369 2983 417 3044; x_wconf 81' lang='lat'>72,</span> <span class='ocrx_word' id='word_1_243' title='bbox 436 2983 454 3032; x_wconf 87' lang='grc'><strong><em>6</em></strong></span> <span class='ocrx_word' id='word_1_244' title='bbox 477 2976 682 3044; x_wconf 72' lang='lat' dir='ltr'>constictionel.</span> <span class='ocrx_word' id='word_1_245' title='bbox 790 2982 823 3030; x_wconf 89' lang='lat'>11</span> <span class='ocrx_word' id='word_1_246' title='bbox 847 2976 923 3032; x_wconf 84' lang='lat' dir='ltr'>foeni</span> <span class='ocrx_word' id='word_1_247' title='bbox 944 2993 962 3046; x_wconf 77' lang='lat'><em>9</em></span> <span class='ocrx_word' id='word_1_248' title='bbox 984 2976 1061 3046; x_wconf 83' lang='lat' dir='ltr'>(fanu</span> <span class='ocrx_word' id='word_1_249' title='bbox 1082 2981 1134 3048; x_wconf 84' lang='lat' dir='ltr'>cp).</span> 
     </span>
     <span class='ocr_line' id='line_1_32' title="bbox 120 3047 1135 3120; baseline 0.001 -16"><span class='ocrx_word' id='word_1_250' title='bbox 120 3057 153 3104; x_wconf 81' lang='lat'>12</span> <span class='ocrx_word' id='word_1_251' title='bbox 174 3050 223 3118; x_wconf 88' lang='lat' dir='ltr'>qui</span> <span class='ocrx_word' id='word_1_252' title='bbox 242 3051 271 3119; x_wconf 81' lang='lat' dir='ltr'>(q</span> <span class='ocrx_word' id='word_1_253' title='bbox 290 3051 314 3118; x_wconf 87' lang='lat' dir='ltr'>e)</span> <span class='ocrx_word' id='word_1_254' title='bbox 332 3065 378 3118; x_wconf 73' lang='lat' dir='ltr'>pc:</span> <span class='ocrx_word' id='word_1_255' title='bbox 397 3065 451 3118; x_wconf 88' lang='lat' dir='ltr'>que</span> <span class='ocrx_word' id='word_1_256' title='bbox 470 3049 511 3117; x_wconf 67' lang='lat' dir='ltr'>(d)</span> <span class='ocrx_word' id='word_1_257' title='bbox 525 3065 556 3116; x_wconf 85' lang='lat' dir='ltr'>p.</span> <span class='ocrx_word' id='word_1_258' title='bbox 667 3053 701 3102; x_wconf 84' lang='lat'>14</span> <span class='ocrx_word' id='word_1_259' title='bbox 721 3047 805 3102; x_wconf 84' lang='lat' dir='ltr'>ioenu</span> <span class='ocrx_word' id='word_1_260' title='bbox 825 3047 900 3118; x_wconf 91' lang='lat' dir='ltr'>(-ni</span> <span class='ocrx_word' id='word_1_261' title='bbox 917 3050 959 3118; x_wconf 70' lang='lat'>9⁰)</span> <span class='ocrx_word' id='word_1_262' title='bbox 977 3065 1091 3119; x_wconf 77' lang='lat' dir='ltr'>grecum</span> <span class='ocrx_word' id='word_1_263' title='bbox 1109 3067 1135 3120; x_wconf 74' lang='lat' dir='ltr'>p,</span> 
     </span>
     <span class='ocr_line' id='line_1_33' title="bbox 118 3117 1134 3191; baseline 0.001 -15"><span class='ocrx_word' id='word_1_264' title='bbox 118 3121 304 3191; x_wconf 77' lang='lat' dir='ltr'>fenugrecnm</span> <span class='ocrx_word' id='word_1_265' title='bbox 323 3137 346 3188; x_wconf 81' lang='lat' dir='ltr'>o,</span> <span class='ocrx_word' id='word_1_266' title='bbox 364 3120 508 3188; x_wconf 81' lang='lat' dir='ltr'>fenugreci</span> <span class='ocrx_word' id='word_1_267' title='bbox 521 3135 552 3187; x_wconf 82' lang='lat' dir='ltr'>p.</span> <span class='ocrx_word' id='word_1_268' title='bbox 639 3123 673 3172; x_wconf 85' lang='grc'>16</span> <span class='ocrx_word' id='word_1_269' title='bbox 691 3117 794 3174; x_wconf 81' lang='lat' dir='ltr'>leniter</span> <span class='ocrx_word' id='word_1_270' title='bbox 809 3136 840 3190; x_wconf 77' lang='lat' dir='ltr'>p:</span> <span class='ocrx_word' id='word_1_271' title='bbox 858 3118 960 3174; x_wconf 78' lang='lat' dir='ltr'>leniter</span> <span class='ocrx_word' id='word_1_272' title='bbox 978 3137 1018 3190; x_wconf 71' lang='lat' dir='ltr'>cp.</span> <span class='ocrx_word' id='word_1_273' title='bbox 1102 3127 1134 3177; x_wconf 85' lang='lat' dir='ltr'>l‘l</span> 
     </span>
     <span class='ocr_line' id='line_1_34' title="bbox 119 3188 1134 3261; baseline -0.001 -14"><span class='ocrx_word' id='word_1_274' title='bbox 119 3191 244 3248; x_wconf 80' lang='lat' dir='ltr'>seeundo</span> <span class='ocrx_word' id='word_1_275' title='bbox 269 3207 344 3260; x_wconf 81' lang='lat' dir='ltr'>aquo</span> <span class='ocrx_word' id='word_1_276' title='bbox 367 3191 430 3260; x_wconf 80' lang='lat' dir='ltr'>(eie)</span> <span class='ocrx_word' id='word_1_277' title='bbox 455 3205 515 3260; x_wconf 76' lang='lat' dir='ltr'>pop.</span> <span class='ocrx_word' id='word_1_278' title='bbox 624 3188 724 3244; x_wconf 80' lang='lat' dir='ltr'>defusa</span> <span class='ocrx_word' id='word_1_279' title='bbox 745 3218 779 3230; x_wconf 89' lang='lat'>-</span> <span class='ocrx_word' id='word_1_280' title='bbox 803 3191 859 3261; x_wconf 78' lang='lat'>(20)</span> <span class='ocrx_word' id='word_1_281' title='bbox 886 3191 1008 3260; x_wconf 81' lang='lat' dir='ltr'>liquabis</span> <span class='ocrx_word' id='word_1_282' title='bbox 1034 3209 1084 3250; x_wconf 76' lang='lat' dir='ltr'>oet.</span> <span class='ocrx_word' id='word_1_283' title='bbox 1113 3209 1134 3246; x_wconf 91' lang='lat' dir='ltr'>c.</span> 
     </span>
     <span class='ocr_line' id='line_1_35' title="bbox 117 3258 1134 3334; baseline 0.001 -17"><span class='ocrx_word' id='word_1_284' title='bbox 117 3261 209 3333; x_wconf 83' lang='lat' dir='ltr'>priori</span> <span class='ocrx_word' id='word_1_285' title='bbox 223 3261 283 3332; x_wconf 78' lang='lat' dir='ltr'>(sic)</span> <span class='ocrx_word' id='word_1_286' title='bbox 297 3279 342 3331; x_wconf 76' lang='lat' dir='ltr'>pp.</span> <span class='ocrx_word' id='word_1_287' title='bbox 415 3265 448 3316; x_wconf 70' lang='lat'>23</span> <span class='ocrx_word' id='word_1_288' title='bbox 464 3259 588 3332; x_wconf 87' lang='lat' dir='ltr'>spondili</span> <span class='ocrx_word' id='word_1_289' title='bbox 601 3258 680 3326; x_wconf 91' lang='lat' dir='ltr'>(-—lii</span> <span class='ocrx_word' id='word_1_290' title='bbox 694 3262 720 3330; x_wconf 88' lang='lat' dir='ltr'>c)</span> <span class='ocrx_word' id='word_1_291' title='bbox 732 3276 778 3330; x_wconf 72' lang='lat' dir='ltr'>pc:</span> <span class='ocrx_word' id='word_1_292' title='bbox 794 3262 997 3331; x_wconf 88' lang='lat' dir='ltr'>spondiliorum</span> <span class='ocrx_word' id='word_1_293' title='bbox 1012 3264 1134 3334; x_wconf 65' lang='lat' dir='ltr'>(locabo</span> 
     </span>
     <span class='ocr_line' id='line_1_36' title="bbox 119 3330 1136 3402; baseline -0.002 -13"><span class='ocrx_word' id='word_1_294' title='bbox 119 3339 155 3390; x_wconf 76' lang='lat'>24</span> <span class='ocrx_word' id='word_1_295' title='bbox 174 3332 345 3388; x_wconf 84' lang='lat' dir='ltr'>scarificabis</span> <span class='ocrx_word' id='word_1_296' title='bbox 367 3349 409 3401; x_wconf 82' lang='lat' dir='ltr'>op.</span> <span class='ocrx_word' id='word_1_297' title='bbox 519 3330 692 3386; x_wconf 84' lang='lat' dir='ltr'>cucurbitem</span> <span class='ocrx_word' id='word_1_298' title='bbox 713 3347 732 3401; x_wconf 73' lang='lat' dir='ltr'>p</span> <span class='ocrx_word' id='word_1_299' title='bbox 754 3333 830 3402; x_wconf 84' lang='lat' dir='ltr'>(-te</span> <span class='ocrx_word' id='word_1_300' title='bbox 848 3334 900 3402; x_wconf 80' lang='lat' dir='ltr'>op).</span> <span class='ocrx_word' id='word_1_301' title='bbox 1009 3339 1042 3388; x_wconf 78' lang='lat'>25</span> <span class='ocrx_word' id='word_1_302' title='bbox 1063 3349 1136 3388; x_wconf 89' lang='lat' dir='ltr'>eom-</span> 
     </span>
     <span class='ocr_line' id='line_1_37' title="bbox 118 3401 1134 3474; baseline -0.004 -14"><span class='ocrx_word' id='word_1_303' title='bbox 118 3405 251 3474; x_wconf 78' lang='lat' dir='ltr'>pe’center</span> <span class='ocrx_word' id='word_1_304' title='bbox 270 3420 291 3458; x_wconf 90' lang='lat' dir='ltr'>c.</span> <span class='ocrx_word' id='word_1_305' title='bbox 377 3401 533 3470; x_wconf 78' lang='lat' dir='ltr'>sanguinis:</span> <span class='ocrx_word' id='word_1_306' title='bbox 553 3401 719 3472; x_wconf 79' lang='lat' dir='ltr'>sanguinem</span> <span class='ocrx_word' id='word_1_307' title='bbox 736 3419 797 3472; x_wconf 72' lang='lat' dir='ltr'>pop.</span> <span class='ocrx_word' id='word_1_308' title='bbox 883 3403 959 3472; x_wconf 86' lang='lat' dir='ltr'>qnod</span> <span class='ocrx_word' id='word_1_309' title='bbox 976 3419 1021 3472; x_wconf 73' lang='lat' dir='ltr'>pc:</span> <span class='ocrx_word' id='word_1_310' title='bbox 1041 3403 1090 3471; x_wconf 88' lang='lat' dir='ltr'>qni</span> <span class='ocrx_word' id='word_1_311' title='bbox 1103 3418 1134 3470; x_wconf 82' lang='lat' dir='ltr'>p.</span> 
     </span>
     <span class='ocr_line' id='line_1_38' title="bbox 119 3472 1136 3543; baseline -0.001 -14"><span class='ocrx_word' id='word_1_312' title='bbox 119 3475 171 3530; x_wconf 90' lang='lat' dir='ltr'>rel.</span> <span class='ocrx_word' id='word_1_313' title='bbox 181 3473 306 3528; x_wconf 84' lang='lat' dir='ltr'>faciendi</span> <span class='ocrx_word' id='word_1_314' title='bbox 316 3472 496 3528; x_wconf 81' lang='lat' dir='ltr'>sufficiendae</span> <span class='ocrx_word' id='word_1_315' title='bbox 511 3473 633 3528; x_wconf 82' lang='lat' dir='ltr'>sufficiat</span> <span class='ocrx_word' id='word_1_316' title='bbox 643 3475 702 3543; x_wconf 76' lang='lat' dir='ltr'>(sio)</span> <span class='ocrx_word' id='word_1_317' title='bbox 711 3489 737 3543; x_wconf 77' lang='lat' dir='ltr'>p,</span> <span class='ocrx_word' id='word_1_318' title='bbox 751 3475 801 3530; x_wconf 82' lang='lat' dir='ltr'>rel.</span> <span class='ocrx_word' id='word_1_319' title='bbox 812 3474 934 3530; x_wconf 80' lang='lat' dir='ltr'>sufficiat</span> <span class='ocrx_word' id='word_1_320' title='bbox 948 3475 1026 3535; x_wconf 84' lang='lat' dir='ltr'>(med.</span> <span class='ocrx_word' id='word_1_321' title='bbox 1036 3475 1136 3540; x_wconf 72' lang='lat' dir='ltr'>omip-</span> 
     </span>
    </p>
   </div>
   <div class='ocr_carea' id='block_1_9' title="bbox 0 0 1297 4022">
    <p class='ocr_par' dir='ltr' id='par_1_9' title="bbox 0 0 1297 4022">
     <span class='ocr_line' id='line_1_39' title="bbox 0 0 1297 4022; baseline 0 0"><span class='ocrx_word' id='word_1_322' title='bbox 0 0 1297 4022; x_wconf 95' lang='lat' dir='ltr'> </span> 
     </span>
    </p>
   </div>
  </div>
 </body>
</html>
