2558 4022
570 239 787 306 ..72-

171 384 254 446 dicae
288 380 338 446 sci
365 382 391 444 ll
419 382 537 446 coliculi
565 402 637 446 suco
669 383 791 464 colliges
824 393 854 446 et
881 385 972 448 facies
1003 385 1126 465 collyria
1158 387 1190 446 in

172 473 293 534 modum
316 471 399 534 fabae
423 473 575 552 aegyptiae
599 480 629 534 et
651 474 683 534 iu
706 472 768 536 sole
791 473 925 537 siccabis¹
952 467 956 556 l

63 609 174 713 ,fpffip
405 619 549 682 xxxssu.
586 622 634 684 Ad
657 625 785 684 tussim
808 621 951 685 aridam.

66 715 173 820 ᾱξζῗξζ),
263 738 367 802 Tussis
402 738 484 800 arida
516 757 532 800 a
564 737 685 802 Graecis
722 737 905 804 xerobeclres
944 739 1124 822 appellatur,
1161 750 1192 804 et

147 829 346 906 cognoscitur
374 829 513 905 quotiens
536 845 604 888 cum
632 844 723 906 parvo
751 826 887 906 flegmate
911 836 941 890 et
968 829 1101 892 faucium
1124 838 1191 892 ten-

174 918 257 976 sione
272 923 302 976 et
317 915 476 993 gravedine
494 923 524 978 et
541 917 633 976 nimia
650 913 780 976 thoracis
799 918 1012 980 constrictione
1026 935 1064 978 ex
1082 920 1192 981 viscosi

173 1003 319 1082 flegmatis
347 1002 497 1064 infusione
523 1011 606 1084 nata,
633 1020 722 1082 quam
750 1001 855 1066 Graeci
882 1007 1120 1066 catarrian-sire
1143 1025 1191 1068 ca·

174 1099 278 1154 tarruu
294 1098 408 1152 vocant.
445 1090 601 1170 aliquando
619 1100 650 1154 et
667 1109 683 1152 a
702 1101 786 1171 tergo
806 1091 939 1154 dolorem
956 1095 1036 1156 inter
1055 1095 1194 1174 scapulas

175 1181 322 1260 sentiunt,
349 1178 430 1258 quod
458 1177 563 1242 Graeci
588 1179 774 1242 metafrenon
802 1179 913 1242 dicunt.
939 1184 1105 1262 *contingit
1132 1183 1192 1244 frc-

134 1284 161 1323 1o
175 1274 303 1348 quenter
317 1285 354 1329 er
368 1269 556 1333 antecedenti
568 1269 763 1348 perfrictione
777 1276 829 1330 aut
838 1287 856 1330 e
865 1272 1015 1332 contrario
1025 1270 1191 1335 adustione.

175 1359 285 1420 etenim
304 1358 401 1418 omnis
423 1357 516 1436 frigor
539 1355 663 1418 cerebro
686 1356 843 1421 humorem
863 1357 1063 1437 flegmaticum
1086 1362 1192 1441 nutrit

175 1444 338 1506 identidem
352 1446 462 1506 nimius
476 1444 557 1506 calor
570 1463 608 1506 ex
621 1443 762 1506 calefacto
777 1445 902 1509 cerebro
916 1446 1075 1510 humorem
1087 1465 1189 1528 supra·

176 1532 289 1595 dictum
311 1533 349 1596 ad
371 1533 530 1596 inferiores
551 1544 653 1613 partes
675 1533 868 1613 liquefactum
890 1534 1021 1596 dimittit

265 1624 296 1684 in
320 1621 525 1686 curationibus
547 1640 618 1682 vero
642 1630 761 1701 oportet
787 1623 819 1684 in
847 1625 912 1702 ipso
935 1625 1021 1686 initio
1044 1625 1190 1704 penicillis

136 1725 163 1766 1⁵
177 1710 279 1772 calidis
310 1710 341 1772 id
369 1719 416 1774 est
443 1711 536 1774 calida
564 1729 641 1790 aqua
667 1713 817 1789 expressis
844 1710 900 1774 sub
927 1719 1030 1774 mento
1061 1716 1193 1792 gutturis

176 1807 290 1880 partes,
313 1817 386 1878 quas
410 1799 515 1860 Graeci
538 1807 700 1872 antereona
722 1807 842 1880 vocant,
864 1799 978 1864 alterna
1001 1804 1192 1880 vaporatione

176 1895 302 1948 mutare.
339 1889 427 1946 etiarn
451 1896 481 1948 et
503 1889 549 1947 ori
571 1887 685 1966 patenti
710 1894 740 1946 et
763 1887 885 1950 naribus
910 1889 1065 1969 penicillos
1088 1908 1190 1971 supra·

177 1975 273 2034 dictos
297 1973 408 2034 calidos
431 1976 568 2053 congruit
594 1973 797 2035 laborantibus
821 1977 983 2057 applicare,
1012 1985 1043 2038 et
1068 1997 1120 2040 eos
1143 1979 1191 2040 ad·

176 2079 299 2123 monere
323 2069 357 2123 ut
379 2062 416 2123 ad
440 2071 534 2124 semet
561 2065 642 2142 ipsos
670 2065 809 2144 spiritum
833 2067 950 2144 vaporis
972 2068 1102 2148 rapiant,
1133 2085 1192 2146 quo

137 2165 164 2206 ro
178 2153 294 2232 possint
326 2153 468 2213 interiora
501 2153 636 2231 corporis
668 2151 815 2234 membra,
852 2171 927 2232 quae
960 2153 1065 2215 Graeci
1100 2158 1193 2216 morio

179 2249 297 2315 vocant,
337 2239 526 2318 relaxationis
557 2240 741 2321 indulgentia
772 2240 907 2302 relevari.
957 2249 1026 2321 post
1057 2241 1131 2304 haec
1163 2252 1194 2304 et

179 2331 446 2408 anagargarismata
474 2337 564 2390 erunt
591 2329 741 2392 offerenda
767 2348 803 2390 ex
831 2347 907 2410 aqua
929 2329 1025 2391 mulsa
1048 2330 1140 2392 calida
1163 2341 1194 2394 et

179 2417 353 2478 decoctione
376 2417 426 2478 fici
444 2425 474 2477 et
496 2419 581 2496 ysopi
599 2425 651 2478 aut
669 2437 705 2478 ex
724 2418 897 2480 decoctione
919 2421 1034 2498 origani
1052 2427 1083 2480 et
1101 2419 1193 2500 thymi

179 2512 211 2565 et
233 2503 412 2584 gliquiritiae
436 2504 535 2565 ethis
559 2504 673 2566 similia.

252 2645 265 2692 1
286 2641 368 2708 co(au
382 2637 507 2708 cp)liculi
518 2655 544 2720 p.
616 2639 729 2710 colligis
745 2643 775 2696 et
791 2640 861 2696 facis
874 2656 934 2710 ρῳ.
1006 2641 1118 2697 collirio
1135 2659 1195 2712 pop.

179 2708 365 2781 toegyptine
384 2727 416 2781 p,
439 2708 545 2792 egiptre
564 2727 600 2778 p:
629 2727 644 2765 e
668 2711 773 2781 'pciace
796 2728 819 2766 c.
890 2713 1013 2780 accim
1034 2715 1067 2768 ic
1093 2730 1112 2782 p
1135 2731 1193 2784 cap.

178 2781 224 2836 Ad
250 2783 389 2836 tumorem
416 2781 540 2835 faucium
563 2781 651 2850 (XXX
690 2821 696 2836 .
805 2781 890 2836 3Ad
911 2783 1019 2838 turrem
1042 2783 1151 2839 aridam
1178 2803 1197 2856 p

179 2855 216 2922 (et
237 2854 296 2909 iod.
316 2853 363 2924 p):
390 2851 437 2907 Ad
463 2851 564 2907 tussim
591 2852 694 2908 siccam
718 2869 759 2922 cp.
868 2853 993 2909 deride
1017 2871 1043 2908 c:
1073 2855 1149 2910 sicca
1165 2873 1195 2925 p,

180 2940 229 2979 om.
249 2942 274 2994 p.
353 2923 524 2979 xerobeehes
542 2925 604 2993 (pl.)
623 2941 654 2996 p:
677 2923 826 2978 xerobetas
839 2939 875 2992 p,
893 2924 1064 2992 yerobeches
1083 2943 1105 2980 e.
1179 2933 1196 2982 6

181 3011 227 3050 ex:
246 2998 276 3050 et
292 3011 339 3064 pc,
356 2995 390 3050 fit
407 3011 441 3050 ex
454 3011 485 3065 p.
573 3001 588 3050 ‘l
608 2996 738 3050 cotereon
757 2996 877 3063 (catereo
892 3011 918 3062 c,
938 2997 1071 3051 catereon
1084 2999 1121 3066 p)
1137 2998 1198 3052 rire

182 3067 322 3120 calenum
339 3083 399 3135 ρῳ.
472 3067 631 3135 tp(quod)
646 3083 692 3136 ep:
711 3081 794 3134 quem
810 3081 837 3134 9.
910 3071 943 3119 10
957 3065 1157 3135 perfricatione
1166 3085 1197 3138 p.

183 3141 215 3188 11
239 3133 346 3203 frigdor
364 3152 405 3204 cp.
469 3147 471 3150 ·
492 3137 588 3192 nutrit
621 3137 778 3192 Identidem
797 3137 857 3206 (nic)
875 3153 894 3206 ρ
911 3138 954 3204 (p,
968 3138 1028 3194 stae
1044 3139 1148 3208 islep.
1162 3143 1198 3206 c).

181 3211 215 3258 13
235 3205 354 3260 dimittit
370 3223 434 3277 pop:
454 3205 570 3275 deponit
590 3205 664 3262 Petr.
747 3211 780 3261 lb
799 3209 926 3262 mentum
945 3209 1005 3276 (sic)
1023 3225 1084 3280 pop.
1165 3215 1200 3265 1s

181 3276 353 3330 anthereona
361 3291 393 3344 p,
407 3277 537 3331 antreme
546 3293 567 3332 c.
641 3281 674 3332 18
689 3291 848 3332 ammonere
863 3277 1028 3348 (immanere
1043 3283 1068 3348 c)
1083 3281 1126 3336 sic
1138 3298 1199 3351 pop.

181 3351 216 3402 20
235 3347 344 3401 morian
363 3362 389 3416 p.
462 3353 496 3400 22
516 3349 545 3401 et
563 3346 633 3415 (deo.
651 3349 696 3417 f.):
717 3366 751 3404 ex
768 3365 810 3419 pc,
829 3351 859 3404 et
876 3365 955 3418 exp.
1033 3356 1068 3415 23
1087 3351 1159 3407 ficus
1178 3369 1200 3409 c.

181 3433 284 3544 exlizm.
299 3435 320 3472 c.
394 3423 429 3472 tt
447 3415 625 3488 gliquiriciee
643 3436 673 3488 9:
692 3419 803 3490 gliricie
822 3437 844 3488 c,
863 3421 919 3489 hffr
930 3437 962 3490 p.
1043 3419 1153 3477 similia
1170 3441 1203 3494 p:

180 3518 214 3528 -
258 3507 290 3544 us
309 3504 349 3557 op.
