2558 4022
558 226 777 292 ..53-

158 377 253 457 ipsam
267 374 393 436 buccam
406 372 549 453 perforet,
563 371 644 451 quod
658 369 764 432 Graeci
778 369 921 434 teredona
938 378 1051 432 vocant.
1083 379 1117 433 et
1130 380 1176 434 ost

159 466 279 526 omnino
302 465 466 525 curationis
489 459 627 522 difficilis.
665 459 718 521 sed
741 467 860 540 oportet
878 477 913 521 ea
935 459 1076 521 adhibere
1100 479 1176 540 quae

158 553 331 633 saepissime
359 549 508 613 curandae
536 549 689 629 putredini
718 550 903 628 gingivarum
930 551 1071 629 superius
1104 551 1177 611 scri·

158 643 287 723 psimns,
312 639 342 702 id
366 649 413 701 est
435 639 482 700 dia
505 637 611 699 chartu
634 636 883 700 medicamentum
906 636 1034 699 admixto
1058 637 1177 700 modico

132 731 272 810 opipare.
316 728 363 790 vel
396 727 469 788 illud
497 725 747 788 medicamentum
774 743 906 806 appones
933 744 970 787 ex
997 727 1067 787 fimo
1096 729 1178 788 canis

161 817 317 879 combusto
341 817 468 878 interius
486 813 523 876 ad
542 832 646 876 omnes
668 815 845 895 putredines
863 821 894 876 et
913 832 1012 876 maras
1033 833 1089 877 suo
1113 815 1179 877 loco

161 909 377 986 conscriptum,
415 913 446 965 ot
478 905 665 964 extrinsecus
697 903 874 983 cataplasma
897 922 934 965 ex
974 903 1117 965 lenticula
1149 913 1180 966 ct

159 1013 236 1075 pano
268 994 383 1056 adiecto
416 991 533 1052 modico
573 991 659 1053 melle
692 992 875 1073 conlectam,
911 991 991 1071 quod
1024 993 1180 1072 artolagon

159 1089 279 1163 vocant,
303 1089 333 1142 et
356 1090 456 1143 cetera
479 1079 569 1142 simili
591 1083 702 1142 virtute
724 1079 896 1158 medentia]

63 1199 142 1304 'tlt‘
184 1295 186 1302 ,
384 1237 516 1302 xxxm.
552 1239 600 1300 aa
623 1242 754 1302 tussam
777 1239 964 1302 humidam.

249 1363 376 1426 Humida
408 1362 592 1442 intellegitur
619 1363 725 1444 tussis,
758 1381 847 1442 quam
874 1364 980 1425 Graeci
1012 1363 1183 1445 ygrobecha

161 1462 280 1533 vocant,
304 1455 443 1532 quotiens
467 1469 536 1513 cum
559 1451 689 1532 plurimo
711 1451 848 1532 flegmate
872 1456 1057 1534 apparuerit,
1079 1453 1110 1514 id
1135 1463 1183 1516 est

161 1561 229 1604 cum
258 1541 420 1604 abundanti
449 1541 638 1602 excreatione
668 1549 720 1603 aut
751 1539 972 1603 humectatione
1001 1551 1031 1603 et
1062 1545 1183 1605 narium

160 1633 280 1711 pruritu
304 1637 334 1692 et
357 1631 584 1692 sternutatione.
626 1637 657 1690 et
679 1629 837 1710 aliquando
860 1629 1026 1693 iacentibus
1050 1631 1182 1710 modam

121 1732 147 1774 1⁵
161 1719 249 1781 modo
277 1737 420 1782 resonum
448 1717 599 1780 sibilatum
627 1716 765 1780 ostendit.
806 1717 880 1780 haec
907 1721 1005 1799 passio
1030 1727 1077 1780 est
1100 1738 1183 1782 com·

159 1811 260 1870 munis
288 1810 501 1870 reumatismus
529 1809 655 1867 arteriae
684 1815 715 1868 et
741 1807 881 1868 thoracis.
925 1825 1002 1887 quae
1029 1810 1056 1869 si
1086 1809 1182 1870 multo

161 1904 296 1975 tempore
315 1897 517 1975 permanserit
535 1901 569 1955 ut
592 1893 655 1955 dics
674 1911 801 1956 numero
819 1895 871 1956 XL
890 1895 1028 1978 excedat,
1051 1897 1184 1958 eflicitur

160 1991 191 2045 ct
213 1983 363 2063 pulmonis
388 1991 418 2044 et
441 1985 473 2043 iu
496 1981 654 2062 pthisicam
676 1985 772 2062 vergit
795 1987 974 2064 passionem.
1265 2049 1266 2052 ,

250 2074 414 2134 curationis
433 2089 504 2134 vero
523 2080 658 2151 tempore
677 2079 796 2152 oportet
818 2076 850 2136 in
872 2076 938 2155 ipso
957 2075 1042 2134 initio
1062 2073 1182 2136 duobus

160 2161 207 2222 vel
229 2161 327 2224 tribus
351 2159 458 2223 diebus
482 2163 508 2222 si
530 2161 609 2222 vires
631 2162 824 2240 permiserint
852 2164 997 2224 ieiunium
1020 2161 1181 2224 laboranti·

233 2305 248 2352 1
267 2298 357 2368 ipsam
375 2298 495 2354 buccam
514 2295 638 2365 perforet
655 2295 731 2364 qnod
744 2312 780 2366 p:
808 2297 869 2368 ipsa
887 2297 977 2353 bucca
994 2296 1044 2366 ipa
1063 2297 1183 2366 buccazt

159 2368 239 2440 piore
259 2368 264 2440 Ι
284 2373 334 2436 rep
355 2369 406 2437 (oei
431 2373 485 2438 rup
503 2396 537 2406 -
563 2365 629 2422 iaec
650 2368 723 2422 enim
744 2369 777 2422 iro
801 2369 898 2424 charta
915 2370 972 2435 fore
989 2370 1061 2424 cloto
1078 2369 1184 2438 dispici

159 2455 217 2494 noro
237 2444 390 2508 potueromt
421 2467 455 2478 -
485 2437 620 2506 rumpitt)
645 2437 734 2492 fortit'
768 2439 844 2506 qnod
869 2455 890 2494 c.
1017 2437 1133 2494 tn'doun
1159 2457 1183 2508 o,

159 2519 273 2580 thetica
286 2542 318 2594 p.
391 2524 573 2581 tentatione
591 2524 701 2580 difficili
719 2527 811 2595 (-crl'
831 2529 855 2596 r)
874 2543 915 2596 op.
998 2527 1183 2597 3sepissime
1263 2571 1264 2596 p

162 2612 189 2652 c:
213 2595 340 2720 sugerius
364 2596 842 2724 (Μοίχέἱῦἕὲιτοέῐέπΐναάἔιὲἒᾱισαν.
909 2597 1136 2725 silludulrllinll
1155 2619 1182 2726 ξ.

159 2683 282 2808 lilaldnpre
290 2684 340 2793 illo
359 2736 459 2808 (fumo)
475 2754 498 2793 o.
571 2743 587 2791 6
601 2683 650 2818 aclJ
651 2709 748 2792 lomnes
766 2711 860 2809 (nmis)
875 2756 901 2794 c:
921 2755 971 2796 orn.
981 2757 1013 2810 p.
1029 2685 1066 2738 p·
1087 2709 1183 2810 pulrel

160 2808 256 2864 dinem
273 2811 303 2866 et
321 2825 414 2866 acmes
433 2826 457 2876 c,
474 2807 632 2880 putredims
650 2807 750 2877 l—dis)
771 2813 800 2864 et
817 2827 928 2866 ascerus
942 2827 972 2881 p.
1047 2828 1101 2878 sno
1118 2811 1183 2868 loeo

159 2882 178 2936 ι’.
197 2898 220 2936 o.
240 2886 285 2938 36.
360 2879 544 2938 emodenoia
562 2895 588 2934 c:
607 2878 813 2935 medicamenta
828 2898 856 2950 p.
936 2888 969 2938 10
988 2882 1132 2938 Hormidac
1150 2885 1184 2938 ire
1262 2893 1263 2902 ¹

204 2953 288 3008 tussis
316 2953 400 3008 arida
426 2951 612 3024 praeponitur
635 2951 757 3019 capituto
784 2953 857 3022 qood
878 2969 990 3009 nummo
1019 2957 1094 3008 corel
1116 2959 1184 3024 post
1262 2967 1263 3041 l

158 2969 229 3102 gb)
248 3023 301 3078 XII
319 3023 364 3077 Ad
383 3021 527 3094 stigmata.
612 3025 645 3074 10
663 3021 763 3104 tussim
782 3039 826 3092 cp:
850 3023 991 3106 tussemp
1010 3024 1045 3093 (et
1063 3023 1123 3082 irad.
1138 3025 1182 3096 p).

159 3091 293 3174 1grobeca
310 3109 340 3163 p:
361 3093 520 3148 drobscade
539 3089 721 3174 c,'ydroprca
734 3109 765 3162 p.
841 3099 874 3148 14
891 3099 1036 3178 pruritum
1052 3096 1184 3150 externu-

158 3162 419 3299 {interret
441 3164 795 3338 litldi-laidl
810 3170 1181 3307 quellllllllllssldfit
1261 3253 1262 3303 r

160 3343 193 3393 rr
212 3339 245 3420 qs
261 3355 290 3409 9:
311 3339 361 3394 aue
379 3353 402 3407 a,
420 3339 439 3393 a.
460 3340 484 3393 aa
497 3356 528 3409 p.
614 3304 662 3394 ic
682 3341 781 3412 (stop
855 3343 1015 3397 excecato:
1038 3342 1118 3398 -uis
1134 3360 1180 3415 pp.

158 3409 279 3464 efficitur
303 3413 336 3464 ut
358 3411 419 3480 (sic)
445 3410 586 3480 pulmonis
607 3427 639 3481 9:
662 3409 752 3465 inficit
774 3412 983 3482 pulmonariae,
1007 3412 1129 3469 efficitur
1150 3415 1182 3468 in

158 3480 292 3554 pulmone
309 3497 337 3551 p.
421 3480 602 3552 iss‘ptiaicam
620 3499 647 3552 p,
665 3480 796 3551 lipsicam
815 3499 836 3539 c.
912 3490 944 3539 19
964 3487 993 3540 et
1011 3483 1042 3540 in
1059 3484 1078 3541 i.
1098 3501 1120 3541 c.
