2588 4028
479 245 716 309 -111-

85 390 192 450 leviter
224 391 378 452 torrefacti
410 399 441 450 et
475 388 580 450 maltae
613 385 754 468 pollinem
785 391 898 469 mittes,
934 387 1051 450 tuudes·
1072 399 1103 450 et

86 487 194 540 cernes
221 481 320 540 omnia
347 481 538 559 tenuissime,
572 486 603 538 et
629 477 712 538 dabis
740 476 919 538 coclearium
949 477 963 538 l
994 480 1103 540 iciunis

86 585 147 628 nou
167 567 365 629 febrientibus
384 564 477 647 (cum
495 567 563 628 vino
582 568 688 647 mixto,
707 563 925 646 febrientibus>
942 582 1014 627 aero
1034 583 1102 627 cum

86 674 163 736 aqna
187 657 290 717 calida.

178 745 356 824 cataplasma
369 744 405 806 ad
420 746 554 806 eufraxia
568 747 671 824 epatis.
701 745 838 805 afronitri
853 741 964 804 cibaria
978 759 1102 804 numero
1116 755 1129 796 ⁶

85 834 155 915 XV,
177 833 230 894 lini
253 835 375 894 seminis
398 842 531 907 centum,
561 833 666 894 hordei
688 833 830 914 ducenta,
858 831 970 892 calidae
994 839 1024 892 et
1046 831 1104 892 olei

29 980 35 990 ,
85 921 168 1002 quod
193 923 354 983 suffecerit.

176 1009 256 1071 aliud
285 1010 320 1070 ad
354 1009 493 1070 duritiam
521 1019 552 1072 et
582 1017 731 1072 tumorem
761 1011 864 1096 epatis.
911 1011 1103 1090 centauriam,

86 1107 223 1181 anetum,
245 1098 361 1159 aslodili
378 1099 495 1160 radicas
514 1107 545 1161 et
566 1102 721 1180 papaveris
739 1098 875 1180 capitella
898 1097 1048 1178 decoquas
1071 1100 1103 1160 in

87 1189 153 1250 olco
177 1196 208 1249 et
230 1187 345 1249 modica
367 1205 456 1269 aqua,
482 1196 513 1249 et
535 1206 572 1250 cx
595 1189 701 1250 eodem
723 1188 789 1250 oleo
811 1188 894 1249 laum
917 1206 1057 1270 appones.
1117 1200 1142 1238 10

177 1276 229 1337 sed
258 1279 283 1337 si
310 1277 387 1338 forte
411 1283 562 1357 apostema
589 1279 621 1339 in
644 1286 729 1358 epate
758 1277 851 1338 luerit
877 1285 996 1357 natum,
1023 1275 1103 1354 quod

87 1384 125 1427 ex
142 1364 390 1445 praecedentibus
408 1367 501 1446 siguis
518 1369 552 1428 in
570 1373 753 1446 emppeotbtc
771 1366 913 1446 superius
931 1366 1104 1426 memoratis

87 1456 256 1536 agnoveris,
278 1453 434 1516 diureticis
451 1453 624 1534 pououibus
641 1454 722 1516 idem
740 1462 892 1534 apostema
912 1471 968 1533 per
985 1454 1103 1514 urinam

86 1541 243 1626 purgabis,
270 1543 328 1604 hoc
355 1553 403 1604 cst
430 1543 573 1622 graminis
592 1542 708 1604 radicis
736 1541 877 1622 mundam
909 1541 1031 1604 feniculi
1057 1557 1103 1602 ra·

86 1633 163 1694 dicis
182 1633 317 1712 corticis,
340 1630 428 1692 dauci
450 1633 555 1692 cretici
578 1633 700 1692 seminis
723 1631 753 1692 id
775 1639 823 1692 cst
843 1631 1012 1709 pastinacae
1035 1629 1144 1690 hor-15

86 1723 196 1803 tensis,
219 1719 395 1801 petroselini
417 1719 614 1801 macedonici,
638 1721 729 1801 asari,
757 1721 855 1800 ysopi,
882 1716 990 1778 inulae.
1031 1716 1104 1778 baec

87 1809 258 1890 singillatim
277 1817 328 1870 aut
347 1809 436 1870 simul
453 1811 485 1870 iu
503 1827 580 1888 aqua
598 1807 806 1890 decoquenda,
828 1815 859 1870 ct
881 1809 946 1887 ipsa
969 1804 1104 1868 decoctio

87 1898 156 1960 data
177 1916 233 1978 pcr
255 1900 358 1959 unuas
381 1897 472 1960 ducit.

178 1986 355 2067 cataplasma
382 1986 551 2048 diureticon
577 1986 608 2048 id
635 1993 683 2048 est
710 1985 824 2048 urinale
847 1985 884 2046 ad
911 1984 991 2046 idom
1014 1983 1105 2045 etad

87 2077 208 2136 dolores
236 2094 272 2136 ex
299 2075 492 2155 perfrictione
520 2083 614 2136 natos.
654 2075 774 2154 pollinis
801 2076 895 2135 tritici
922 2081 953 2134 et
979 2072 1033 2134 lini
1056 2091 1102 2133 se·
1118 2089 1145 2128 ao

86 2167 178 2226 mitris
216 2173 246 2226 et
279 2164 358 2224 faeni
393 2165 493 2243 graeci
529 2165 612 2243 paria
643 2162 789 2243 pondera,
826 2162 936 2240 cymini
973 2161 1106 2239 seminis,

162 2288 176 2335 1
196 2281 298 2338 leuiter
316 2297 358 2350 cp.
429 2279 555 2335 malthae
574 2281 621 2349 (?):
645 2277 727 2334 molti
744 2295 772 2348 c,
794 2277 867 2333 ml'ti
888 2275 1030 2346 (multi)p
1049 2276 1106 2344 (sed

85 2370 176 2424 supra
193 2351 275 2407 molti
288 2355 343 2422 pi).
414 2351 537 2423 pollines
554 2367 576 2406 c.
648 2349 739 2406 mittis
752 2367 784 2420 p.
857 2345 959 2404 turdos
975 2348 1004 2403 et
1017 2364 1068 2402 om.
1083 2363 1105 2401 c.

87 2424 221 2480 iomnio
238 2439 288 2478 om.
305 2441 334 2493 p.
426 2420 516 2478 cocl'r.
542 2437 584 2491 ep.
675 2428 691 2476 3
714 2437 771 2476 nou
792 2417 976 2477 febrientibus
1000 2421 1106 2490 (autem

88 2497 154 2552 add.
169 2498 202 2566 p)
221 2511 286 2550 cum
304 2511 379 2564 aqua
397 2493 490 2548 calida
507 2509 548 2563 cp.
621 2492 780 2548 denlrasin
798 2509 824 2562 c,
844 2491 931 2548 elrax.
945 2508 975 2560 p.
1049 2493 1105 2544 niro

88 2571 165 2636 (anta
183 2565 249 2636 cib.)
267 2582 294 2622 c:
318 2581 369 2622 om.
383 2581 415 2636 p.
520 2563 607 2619 dXV
620 2581 656 2634 pr
678 2566 710 2620 tv
727 2567 773 2636 (=
792 2565 836 2632 cv)
855 2580 877 2618 o.
980 2561 1046 2616 linis
1064 2577 1104 2630 cp.

87 2641 203 2694 centum
220 2653 271 2693 om.
291 2653 313 2694 c.
394 2635 437 2692 bis
456 2652 472 2690 c
489 2651 511 2692 a.
584 2635 722 2691 isufficit
740 2633 812 2706 (suff
826 2637 860 2706 p)
883 2649 924 2703 cp.
997 2633 1106 2687 tasio

88 2709 153 2764 dilli
167 2725 209 2779 cp.
275 2708 335 2764 rad'
343 2723 375 2778 p,
389 2707 466 2764 rodni
478 2724 500 2764 c.
569 2708 599 2762 ct
611 2707 762 2778 papaveris
773 2739 806 2747 -
817 2709 874 2776 (10)
884 2721 959 2775 aque
972 2719 999 2758 c:
1013 2719 1064 2759 om.
1074 2719 1105 2771 p.

89 2787 124 2835 10
147 2782 179 2836 et
200 2782 274 2847 (onte
296 2780 341 2848 ex)
367 2779 474 2834 addidi.
567 2783 598 2831 11
622 2780 769 2850 apostema
793 2793 843 2832 om.
863 2794 885 2833 c.
976 2773 1052 2856 quod
1070 2789 1106 2842 p:

88 2871 116 2922 q,
131 2855 160 2908 l.
182 2857 217 2907 cu
243 2850 329 2922 (quod
352 2852 382 2906 et
404 2851 477 2918 cum)
498 2865 520 2905 c.
630 2855 663 2903 12
683 2849 853 2919 empiemate
871 2863 897 2902 c:
922 2849 1061 2913 emprema
1078 2857 1106 2910 p.

90 2947 123 2994 13
138 2938 284 2996 uuonan
302 2956 353 2996 om.
371 2955 393 2996 c.
465 2937 483 2995 a.
498 2919 554 3008 apt
562 2953 592 3007 p.
665 2942 698 2991 15
713 2933 828 2992 semina
844 2937 848 3005 t
864 2935 882 2990 1.
898 2936 960 3004 (pro
973 2931 1005 3000 a.)
1014 2929 1107 3056 pesce

86 3027 160 3066 naec
179 3009 297 3066 ortensis
316 3027 331 3068 o
348 3009 454 3079 (Sim),
473 3014 532 3064 sem
551 3009 614 3078 6(==
629 3009 737 3075 orbico.
752 3023 783 3076 p.
875 3010 908 3060 16
932 3017 1011 3059 mace
1033 3019 1108 3058 omc1

87 3100 139 3139 om.
151 3099 183 3152 p.
254 3081 329 3152 isopi
344 3097 366 3152 c,
384 3097 442 3151 yso.
452 3093 483 3150 p.
556 3077 636 3134 imile
645 3093 668 3146 p
683 3079 719 3146 (at
739 3093 827 3147 supro
844 3078 896 3147 ipe.
913 3090 983 3132 corr.
1002 3073 1106 3144 enula),

87 3155 179 3209 iulle
197 3169 220 3208 c.
292 3153 344 3208 hec
358 3165 408 3208 mn.
424 3167 446 3208 c.
520 3156 552 3206 17
567 3147 731 3222 siugulatim
746 3163 786 3220 cp.
860 3147 985 3204 decocta.
1000 3149 1030 3202 ct
1043 3145 1108 3216 ipsu

88 3224 219 3281 decoctio
245 3223 312 3278 dcta
333 3241 361 3294 p.
385 3241 413 3278 u.
437 3221 464 3278 d.
483 3237 519 3292 p,
543 3221 726 3306 decoqusrpda
749 3224 778 3276 et
796 3219 836 3306 sic
855 3217 1108 3289 contu(et)ndendc

88 3315 120 3423 t
137 3295 250 3422 tait
262 3296 310 3436 pr.
330 3311 351 3350 ⁶·
370 3291 693 3436 ‘tramittit
708 3307 730 3363 ⁶’
749 3309 820 3419 ‘il
833 3309 909 3419 ita.
932 3288 1108 3444 titt-bt

88 3437 176 3493 minis
206 3453 300 3492 emeca
315 3479 322 3493 .
335 3435 485 3492 baccarum
507 3435 580 3490 lauri
594 3477 601 3490 .
616 3435 713 3492 dauci.
724 3434 822 3492 crebci
836 3475 842 3488 .
856 3439 923 3490 seui.
952 3435 1107 3502 pertinace.

89 3508 211 3565 ortensis
229 3509 308 3574 (boec
326 3524 359 3562 eac
376 3523 436 3576 orep.
456 3524 480 3562 v.
500 3511 548 3576 15)
566 3512 609 3562 ai.
628 3509 655 3539 ὲ
673 3509 695 3562 Ι.
715 3506 778 3576 Sp.
