2558 4022
581 183 800 248 -28-

183 332 265 412 gabis
297 340 327 392 et
358 331 447 392 tertia
478 327 525 390 die
559 328 654 389 solves
682 335 712 387 et
747 327 838 386 mixto
871 325 965 386 calido
997 329 1066 387 vino
1099 326 1201 393 locum

183 420 368 481 lomentabis.
410 425 520 478 aestate
549 435 619 477 vero
648 415 780 476 secunda
808 415 854 475 dle
883 414 979 476 solves
1008 424 1038 476 et
1068 415 1203 478 linteolis

183 509 278 570 mulsa
302 507 394 568 calida
417 507 524 568 infusis
548 505 705 584 diligenter
728 502 861 585 curabis,
889 506 1112 583 quinotetarum
1143 508 1202 565 sci-

183 597 253 658 llcet
284 595 416 676 regulam
438 597 581 674 intuens,
612 592 643 652 id
675 599 721 652 est
753 600 787 652 ut
819 593 845 652 si
876 591 985 652 videris
1017 591 1104 666 uleus
1138 596 1204 654 sive
1262 611 1263 674 3

157 685 291 746 tvadnus
318 693 408 765 putre
434 683 481 743 vel
508 681 673 760 sordidum,
707 682 864 741 contrariis
894 680 1119 742 medicamentis
1149 682 1203 742 de·
1262 727 1263 762 ,

182 791 307 855 purges,
331 776 356 834 si
375 789 549 848 concavum,
574 768 725 850 suppleas,
749 787 783 830 ac
803 771 828 829 si
847 787 938 848 super
957 785 1126 851 carnosum,
1149 771 1203 830 de·

77 871 110 926 tr·
124 871 172 925 1⁷⁶)
184 865 308 942 primas,
332 864 357 922 si
380 859 516 939 aequale,
538 861 569 919 in
593 860 762 922 cicatricem
784 857 917 919 inducas.
937 859 943 935 Ι

77 1015 110 1067 (ρ.
125 1015 172 1066 ror)
470 998 584 1060 XVllll.
622 999 669 1060 dd
692 999 915 1079 pendigines.
976 1065 981 1078 s

272 1106 451 1186 Pendigines
470 1108 531 1167 sive
551 1108 634 1166 sinus
657 1105 763 1167 Graeci
782 1105 886 1185 colpus
904 1115 1092 1168 vocaverunt·
1130 1127 1204 1172 con·
1262 1105 1263 1112 '

144 1212 170 1252 10
184 1197 303 1274 tingunt
330 1196 504 1274 frequenter
532 1196 669 1272 quotiens
697 1193 798 1254 ulcera
825 1193 871 1254 vel
899 1202 1079 1272 apostemata
1109 1199 1205 1258 inerti

184 1283 334 1363 chirurgia
356 1284 468 1344 luerint
486 1290 567 1342 secta
590 1281 636 1341 vel
659 1281 733 1342 mala
756 1283 903 1360 positione
927 1291 1036 1344 sanata.
1076 1293 1107 1345 et
1131 1303 1204 1346 cum
1262 1301 1263 1332 i

183 1391 237 1434 sua
270 1380 375 1452 sponte
407 1388 528 1432 rursum
560 1372 715 1448 eruperint
742 1371 923 1448 minimeque
955 1389 1010 1450 per
1039 1372 1204 1434 inferiores
1262 1369 1263 1414 ³

183 1469 284 1540 partes
311 1461 467 1520 humorem
494 1457 541 1519 vel
563 1457 705 1518 saniolam
733 1457 927 1540 excluserint,
954 1459 1131 1539 pendigines
1155 1462 1205 1523 vel
1262 1491 1263 1538 p

95 1576 118 1614 a.
133 1565 173 1607 199
186 1551 270 1610 sinus
290 1549 294 1625 Ι
315 1549 436 1610 faciunt.
1262 1541 1263 1614 Ῠ

144 1655 170 1696 1⁵
272 1645 432 1718 propterea
459 1637 621 1696 curationis
653 1643 787 1714 tempore
815 1632 970 1697 diaohartu
1001 1639 1070 1697 vino
1102 1638 1204 1700 mulso

184 1726 313 1788 admixto
341 1744 395 1805 per
418 1725 563 1786 auliscum
590 1723 732 1802 lysarium
755 1724 816 1783 sive
840 1741 967 1785 aeneum
994 1728 1056 1786 sive
1079 1745 1204 1790 osseum
1262 1739 1263 1788 t

183 1817 298 1875 vesicae
326 1815 466 1893 porcinae
494 1818 625 1889 aptatum
657 1812 777 1892 imples,
808 1818 838 1872 et
869 1820 1026 1892 postquam
1059 1817 1204 1876 inieceris
1262 1871 1263 1904 ,

184 1911 265 1963 moto
292 1901 357 1962 tilto
385 1899 432 1959 vel
459 1899 610 1960 strictorio
634 1900 680 1958 ori
702 1898 833 1960 vulneris
856 1903 989 1962 immisso
1012 1902 1131 1985 ligabis,
1160 1907 1204 1966 ita
1262 1929 1263 1966 1

257 2094 316 2144 let
333 2095 348 2143 2
368 2088 459 2143 solves
478 2105 504 2144 c:
524 2087 601 2142 -vis
619 2103 663 2156 pp.
738 2087 860 2142 llocum
879 2105 929 2144 om.
942 2107 973 2158 p.
1046 2091 1205 2146 2secunda

183 2177 233 2216 oto.
248 2177 279 2230 p.
351 2161 369 2215 l.
389 2160 419 2214 in
437 2159 527 2228 mulsa
544 2175 603 2228 pop.
686 2156 820 2212 3iniusis
837 2175 856 2228 9
874 2160 952 2229 (ifeis
965 2163 1012 2230 p):
1031 2160 1158 2216 infundis
1177 2179 1202 2218 c.
1262 2169 1263 2220 l

183 2232 232 2302 qui
250 2232 335 2287 nothe
353 2235 466 2286 taurum
486 2230 725 2301 (quinothetarum
744 2245 758 2284 c
777 2230 811 2296 ef.
833 2229 905 2284 Cael.
924 2232 994 2286 Aac.
1010 2248 1041 2301 p.
1056 2234 1125 2302 234)
1147 2233 1202 2287 sci·
1262 2229 1263 2244 ¹

183 2303 251 2357 licet
268 2303 366 2425 repulsa
385 2302 489 2371 (ss-lem
507 2301 531 2369 e)
554 2300 696 2355 intuentes
720 2315 765 2368 pc:
790 2301 820 2353 ei
841 2301 914 2356 hene
936 2303 1062 2372 regulam
1088 2320 1205 2373 semper
1262 2333 1263 2362 2

184 2374 301 2428 observa
319 2372 344 2426 is
363 2389 385 2440 p
410 2373 456 2439 (cf.
478 2372 573 2425 Thess.
592 2388 636 2440 ap.
658 2369 721 2425 Gal.
747 2370 791 2438 X,
819 2375 898 2440 285).
1011 2379 1028 2426 4
1051 2378 1071 2426 i.
1098 2378 1143 2442 (=
1170 2375 1203 2428 id
1262 2367 1263 2440 Ξ

185 2446 237 2512 esi)
256 2459 286 2512 p:
305 2458 354 2498 oro.
370 2458 411 2510 ep.
484 2443 596 2510 dputre
613 2458 658 2510 pe:
677 2439 821 2509 putridum
835 2459 865 2512 p.
940 2443 1088 2498 contrariis
1108 2447 1203 2514 (ciris)
1262 2447 1263 2518 l

184 2530 243 2585 epo:
263 2513 403 2586 cp(e)ieris
421 2513 483 2581 (sic)
501 2528 560 2581 pop.
650 2517 666 2566 6
686 2512 793 2580 supple,
808 2529 841 2568 ae
856 2513 880 2567 si
895 2530 925 2582 p,
944 2515 1075 2584 suppleas
1088 2532 1123 2570 ac
1137 2517 1164 2570 si
1178 2531 1203 2584 e,
1262 2519 1263 2528 ’

183 2585 302 2655 suplees.
322 2583 346 2638 si
363 2601 392 2652 p.
491 2583 517 2638 d.
537 2599 570 2637 ac
588 2582 613 2636 si
631 2600 653 2637 c.
745 2585 947 2656 te(e)qualem
969 2601 1029 2654 pop.
1120 2592 1202 2641 sse-

183 2653 650 2792 tliitltiiititti'ii·
679 2657 739 2723 ii·
753 2653 1202 2780 tani-tr2t2ntcc1rc²²·

185 2805 217 2854 10
235 2744 350 2854 sildeg?
360 2797 477 2852 vulnere
494 2769 565 2865 pop..
625 2741 757 2850 illerum
774 2743 915 2866 rurgiay'p,
934 2744 1151 2866 inherii’dnerii
1169 2746 1202 2868 Ξ)Ι

183 2871 392 2940 cirurgis-pop.
468 2874 499 2921 11
520 2869 597 2923 seete
610 2898 645 2908 —
658 2865 798 2936 positione
817 2883 867 2922 orn.
886 2883 904 2936 p
923 2869 999 2934 (odd.
1017 2871 1068 2936 9⁰).
1148 2887 1202 2938 po·

183 2943 284 2996 sitione
302 2947 345 3010 9⁰:
363 2940 481 3009 pocione
500 2957 526 3006 c,
550 2939 700 3008 compoto}
714 2954 744 3006 p.
848 2939 947 3020 sapeta
965 2955 1024 3008 epo:
1053 2941 1120 2994 nata
1137 2956 1201 3010 pcp.
1262 2941 1263 2976 l

185 3017 217 3065 12
231 3011 346 3094 minime
362 3027 477 3093 percep
497 3011 607 3078 (addidi
625 3013 700 3078 que).
776 3014 808 3062 13
827 3009 1026 3093 semolempe:
1046 3009 1153 3093 saniem
1169 3029 1202 3082 p.

182 3083 507 3218 Ιέἔθαῗιξῖθὲῑῗηὲἔῖἳῠ
533 3080 884 3220 ἐοὸιὶῖῗρξξιὲῗὰοῗᾶρξὸυ
903 3080 1082 3221 onclimi
1094 3083 1202 3207 dgivffif.

183 3221 309 3290 θέμενον
328 3216 496 3291 ἡμέτερον
511 3215 687 3288 φάρμακον),
706 3221 880 3276 discolarum
894 3239 916 3276 c.
990 3229 1023 3277 16
1042 3222 1202 3278 admixtum
1262 3271 1263 3290 ,

184 3293 313 3363 (mixtum
331 3294 356 3361 c)
373 3307 433 3361 pcp.
505 3289 629 3344 linarium
646 3307 697 3360 pop
715 3287 903 3361 (εὖθύτρητον
927 3292 1010 3360 dat).
1084 3297 1115 3346 li
1135 3309 1201 3348 ves·
1262 3291 1263 3308 ³

184 3365 240 3446 sice
258 3379 283 3432 9.
357 3369 390 3418 18
404 3361 485 3417 molli
498 3362 563 3416 tilto
577 3361 720 3429 (moliiilto
735 3363 759 3432 c)
776 3379 828 3434 pep
844 3363 929 3446 (ppcpi
944 3363 1024 3436 τιλτῷ
1043 3363 1106 3418 Gal.
1123 3365 1140 3418 i.
1156 3369 1201 3436 c).
1262 3387 1263 3392 ¹

182 3433 335 3490 sinctorio:
364 3433 496 3490 steciario
513 3450 544 3503 p,
564 3432 711 3488 sirectcrio
730 3451 756 3500 c,
775 3435 948 3504 irictomop.
1262 3477 1263 3540 ,
