2588 4028
540 213 779 278 -140-

148 358 291 438 paralysis
310 357 393 418 duae.
431 357 573 437 aliquanti
592 357 710 436 perdito
729 375 820 417 sensu
839 364 936 417 tactus
955 375 1022 417 cunr
1042 365 1167 436 torpore

147 446 305 526 paralysim
328 449 495 525 patiuntur,
522 445 579 506 boc
603 453 649 506 est
672 454 706 506 ut
729 463 826 524 neque
856 445 950 523 frigus
973 463 1071 524 neque
1094 447 1166 507 celi·

148 535 218 596 dnm
238 537 301 596 cuti
324 537 492 614 appositum
512 537 640 594 sentiant
663 535 817 613 patientes.
856 533 996 613 aliquanti
1020 552 1055 593 ex
1078 551 1167 614 parte

149 625 352 704 suprascripto
376 642 467 684 sensu
489 631 628 683 manente
652 624 814 702 patiuntur.
852 624 988 700 sequitur
1009 630 1110 682 autem
1132 627 1165 684 in

121 714 284 792 apassione
313 714 504 792 constitutos,
537 731 605 772 cum
639 709 812 771 difficultate
841 727 947 770 sensus
980 717 1010 770 et
1041 712 1167 772 insolito

148 819 218 880 usu,
246 800 374 860 difficilis
402 808 501 860 motus
529 817 580 860 aut
609 817 645 860 ex
673 808 735 860 toto
759 806 936 878 amputatus.
981 807 1011 860 et
1034 799 1168 860 efficitur

148 889 303 968 aliquando
323 891 415 949 totius
435 891 569 968 corporis
588 887 744 968 aliquando
764 889 871 967 partis,
891 895 942 948 ant
960 887 1165 948 membrorum

148 977 309 1038 multorum
333 985 384 1037 aut
407 977 573 1055 aliquorum
598 984 648 1037 aut
672 975 798 1038 membri
821 978 919 1036 unius
964 984 993 1036 et
1016 979 1166 1056 contingit

148 1066 321 1144 frequenter
349 1073 400 1124 aut
429 1083 465 1124 ex
493 1065 603 1144 frigore
627 1067 716 1126 nimis
739 1071 826 1124 acuto
855 1071 906 1124 aut
929 1064 1088 1125 vinolentia
1113 1073 1167 1126 aut

36 1143 40 1153 '
109 1169 134 1206 ιο
148 1153 344 1232 indigestione
368 1154 521 1231 frequenti
543 1162 594 1214 aut
616 1153 774 1213 immodico
798 1171 855 1214 usu
878 1155 1008 1213 renerio.

235 1244 267 1301 in
294 1240 499 1302 curationibus
527 1261 598 1302 vero
625 1249 744 1322 oportet
776 1243 840 1320 ipsa
867 1243 963 1320 prima
991 1241 1038 1301 die
1071 1241 1165 1302 flebo-

147 1331 267 1390 tomiam
299 1333 329 1389 in
361 1329 484 1390 brachio
517 1330 657 1391 adbibere
691 1330 770 1409 quod
804 1331 896 1391 fuerit
929 1331 1054 1408 patienti
1083 1333 1164 1409 parti

147 1421 342 1498 contrarium,
371 1418 450 1497 quod
479 1421 641 1499 antispasin
670 1427 784 1479 vocant.
830 1421 856 1478 si
884 1436 954 1478 vero
983 1417 1038 1478 sub
1069 1419 1163 1498 pleni·

148 1505 249 1565 tudine
286 1505 345 1566 eibi
382 1514 433 1568 aut
472 1510 533 1568 vini
564 1509 677 1568 fuerint
709 1515 911 1587 aegrotantes,
946 1509 1090 1567 vomitum
1128 1509 1165 1568 ad

108 1609 132 1648 ra
146 1611 288 1672 praesens
314 1595 489 1674 provocabis
518 1615 554 1657 er
583 1595 719 1676 ydrelaeo
745 1595 852 1676 calido,
887 1595 917 1655 id
945 1603 991 1656 est
1019 1613 1055 1655 ex
1087 1613 1165 1675 aqua

147 1681 239 1742 calida
267 1691 298 1743 et
325 1683 389 1744 oleo
417 1685 547 1746 admixto
575 1685 692 1744 modico
720 1684 794 1766 sale,
823 1693 853 1744 et
881 1686 924 1744 sic
952 1683 1083 1744 secunda
1113 1685 1163 1744 (lie

146 1769 349 1831 flebotomabis
378 1781 408 1833 et
434 1773 555 1834 mundis
582 1791 616 1832 ac
644 1771 782 1832 mollibus
809 1772 884 1833 lanis
912 1790 950 1832 ex
978 1771 1042 1832 oleo
1067 1773 1164 1833 calido

145 1858 277 1918 membra
309 1861 450 1938 patientis
481 1860 613 1934 involves
645 1869 676 1921 et
708 1861 837 1921 fasciolis
867 1859 981 1922 levibus
1014 1861 1164 1922 fasciabis.

145 1955 213 2024 post
239 1946 312 2006 baec
340 1965 432 2026 acopo
460 1947 657 2010 thermantico
685 1947 854 2010 ischiadicis
883 1950 1022 2028 superius
1048 1951 1163 2028 scripto

105 2051 132 2090 ro
146 2035 240 2094 uteris
268 2041 299 2094 et
326 2036 513 2096 scarilatione
538 2055 574 2097 ex
601 2036 717 2098 levibus
739 2035 927 2114 laboraturis
959 2055 1032 2116 quas
1055 2037 1164 2098 Graeci

145 2122 282 2202 ampcbas
300 2132 414 2185 vocant.
456 2132 485 2185 et
508 2127 534 2186 si
552 2126 629 2186 forte
653 2127 684 2186 in
706 2125 807 2204 lingua
826 2128 998 2206 contigerit,
1022 2125 1161 2186 similiter

145 2211 307 2293 scarifabis‚
326 2220 442 2292 etpost
460 2214 680 2274 scarilationem
698 2214 823 2276 mulsam
843 2214 967 2275 calidam
985 2214 1162 2294 frequenter

145 2299 318 2362 coluendam
342 2301 425 2362 dabis
445 2311 475 2363 et
497 2321 514 2362 a
538 2303 722 2363 salsamentis
741 2303 787 2364 vel
814 2303 985 2383 liquamine,
1010 2303 1090 2382 quod
1115 2312 1163 2364 est

216 2529 230 2576 1
251 2525 281 2578 et
302 2526 368 2594 post
391 2525 452 2594 (etc)
475 2525 620 2594 paralisim
642 2526 695 2581 due
715 2543 736 2582 o.
846 2527 975 2596 torpore:
1000 2543 1116 2596 corpore
1140 2544 1163 2597 c,

144 2597 205 2668 abi.
215 2629 245 2680 p.
313 2618 435 2682 tneque
450 2613 573 2668 calidum
587 2631 678 2684 neque
692 2615 826 2685 frigidum
836 2631 866 2683 p.
937 2621 952 2669 6
967 2601 1006 2669 §S
1024 2631 1050 2670 c:
1066 2633 1164 2686 supra·

143 2682 219 2738 dieto
233 2701 264 2753 p.
337 2685 432 2738 autem
450 2701 538 2754 ooap
557 2684 599 2754 (in
616 2702 666 2740 om.
686 2689 718 2755 c).
793 2685 998 2740 tconstilutos
1016 2687 1163 2756 paralisim

143 2754 267 2824 corporis
277 2771 341 2809 cum
351 2753 518 2810 difficultate
528 2773 625 2811 sensus
637 2774 659 2824 a,
674 2757 844 2812 constitutos
862 2755 1014 2811 difficultas
1027 2773 1124 2812 sensus
1130 2775 1162 2827 p.

143 2828 172 2880 et
189 2826 303 2882 insolito
322 2844 374 2880 usu
397 2826 519 2881 difficilis
539 2844 575 2896 p,
599 2830 628 2882 et
644 2828 774 2883 insolitos
796 2843 864 2899 usqq
884 2827 994 2882 difficili
1012 2845 1034 2883 c.
1146 2835 1162 2884 7

143 2896 296 2966 aliquando
318 2899 368 2952 aut
389 2898 478 2966 totius
501 2914 523 2952 c.
548 2901 598 2953 aut
620 2899 708 2968 pertis
732 2903 781 2954 aut
804 2905 851 2954 etc.
872 2915 912 2967 cp.
1021 2905 1037 2953 9
1057 2901 1108 2954 aut
1127 2916 1162 2954 ex

143 2982 193 3022 oro.
217 2985 232 3023 c
255 2969 315 3038 (ubi
336 2970 366 3022 et
387 2969 527 3039 extinguit
549 2969 582 3024 fr.
606 2969 742 3039 frigores).
860 2975 892 3022 11
916 2969 979 3038 ipse
1002 2986 1029 3024 c:
1054 2986 1105 3024 om.
1130 2987 1161 3040 p.

142 3037 268 3106 pridiora
286 3039 345 3105 (sic)
364 3038 410 3093 die
429 3055 457 3106 o,
477 3039 569 3108 primo
588 3040 633 3094 die
647 3057 678 3110 p.
753 3045 786 3094 14
804 3041 866 3096 vini
884 3044 934 3094 aut
952 3041 1008 3094 cibi
1021 3057 1052 3110 p.
1128 3047 1162 3096 15

142 3107 249 3162 idroleo
268 3125 291 3177 c,
308 3108 424 3176 ydroleo
438 3127 469 3178 p.
559 3117 590 3164 17
610 3111 784 3166 mollioribus
798 3128 830 3181 p.
935 3117 967 3166 18
986 3111 1113 3166 involves
1133 3114 1164 3166 et

142 3177 274 3232 faeciabis
296 3178 408 3232 lenibus
430 3177 575 3234 fasciolab'
601 3182 660 3250 (sic)
684 3197 711 3250 c,
736 3181 881 3236 involvens
902 3181 1026 3237 fasciolis
1049 3183 1162 3238 levibus

142 3247 273 3330 fasciabis
287 3265 317 3317 p.
423 3255 456 3303 19
476 3266 596 3332 pappum
616 3253 747 3322 (-pi1p)
766 3253 965 3308 termenticum
978 3255 1045 3334 ·(-t
1056 3255 1093 3336 p)
1109 3295 1116 3308 .
1132 3296 1161 3310 ..

143 3322 336 3472 {titillet
346 3406 377 3459 a.
444 3325 710 3462 tribuum
728 3339 763 3447 b
778 3323 1160 3462 ratrrlalblltlfflllttls

142 3460 300 3515 ficat1onem
319 3478 359 3531 cp.
433 3462 524 3517 mulsa
543 3462 635 3518 calida
652 3465 670 3518 f.
690 3464 800 3520 lavabis
814 3481 845 3534 p.
918 3470 952 3520 23
972 3481 990 3519 a
1008 3481 1035 3520 c:
1060 3481 1110 3520 om.
1125 3482 1157 3536 p.
