<?xml version="1.0" encoding="UTF-8"?>
<!DOCTYPE html PUBLIC "-//W3C//DTD XHTML 1.0 Transitional//EN"
    "http://www.w3.org/TR/xhtml1/DTD/xhtml1-transitional.dtd">
<html xmlns="http://www.w3.org/1999/xhtml" xml:lang="en" lang="en">
 <head>
  <title>
</title>
<meta http-equiv="Content-Type" content="text/html;charset=utf-8" />
  <meta name='ocr-system' content='tesseract 3.04.00' />
  <meta name='ocr-capabilities' content='ocr_page ocr_carea ocr_par ocr_line ocrx_word'/>
</head>
<body>
  <div class='ocr_page' id='page_1' title='image "./cassiifelicisde00feligoog_0209.png"; bbox 0 0 2576 4040; ppageno 0'>
   <div class='ocr_carea' id='block_1_1' title="bbox 577 245 819 312">
    <p class='ocr_par' dir='ltr' id='par_1_1' title="bbox 577 245 819 312">
     <span class='ocr_line' id='line_1_1' title="bbox 577 245 819 312; baseline -0.012 -17"><span class='ocrx_word' id='word_1_1' title='bbox 577 245 819 312; x_wconf 70' lang='lat'><strong>..183-</strong></span> 
     </span>
    </p>
   </div>
   <div class='ocr_carea' id='block_1_2' title="bbox 154 391 1213 2066">
    <p class='ocr_par' dir='ltr' id='par_1_2' title="bbox 154 391 1213 2066">
     <span class='ocr_line' id='line_1_2' title="bbox 279 391 1208 471; baseline 0 -13"><span class='ocrx_word' id='word_1_2' title='bbox 279 399 312 458; x_wconf 87' lang='lat' dir='ltr'><strong>in</strong></span> <span class='ocrx_word' id='word_1_3' title='bbox 339 393 544 457; x_wconf 69' lang='lat' dir='ltr'><strong>corruentibus</strong></span> <span class='ocrx_word' id='word_1_4' title='bbox 571 409 641 453; x_wconf 86' lang='lat' dir='ltr'><strong>vcro</strong></span> <span class='ocrx_word' id='word_1_5' title='bbox 669 407 822 471; x_wconf 83' lang='lat' dir='ltr'><strong>opopanar</strong></span> <span class='ocrx_word' id='word_1_6' title='bbox 851 399 903 452; x_wconf 82' lang='lat' dir='ltr'><strong>aut</strong></span> <span class='ocrx_word' id='word_1_7' title='bbox 925 391 1023 471; x_wconf 89' lang='lat' dir='ltr'><strong>capilli</strong></span> <span class='ocrx_word' id='word_1_8' title='bbox 1045 391 1208 457; x_wconf 76' lang='lat' dir='ltr'>mulierum</span> 
     </span>
     <span class='ocr_line' id='line_1_3' title="bbox 191 478 1209 564; baseline 0.001 -18"><span class='ocrx_word' id='word_1_9' title='bbox 191 488 290 548; x_wconf 84' lang='lat' dir='ltr'><strong>crusti</strong></span> <span class='ocrx_word' id='word_1_10' title='bbox 316 491 369 546; x_wconf 78' lang='lat' dir='ltr'><strong>mit</strong></span> <span class='ocrx_word' id='word_1_11' title='bbox 395 497 515 564; x_wconf 80' lang='lat' dir='ltr'><strong>captae,</strong></span> <span class='ocrx_word' id='word_1_12' title='bbox 542 489 594 542; x_wconf 82' lang='lat' dir='ltr'><strong>aut</strong></span> <span class='ocrx_word' id='word_1_13' title='bbox 619 481 675 559; x_wconf 70' lang='lat' dir='ltr'><strong>pte</strong></span> <span class='ocrx_word' id='word_1_14' title='bbox 700 478 860 542; x_wconf 74' lang='lat' dir='ltr'><strong>combusta·</strong></span> <span class='ocrx_word' id='word_1_15' title='bbox 880 479 1004 541; x_wconf 79' lang='lat' dir='ltr'><strong>naribm</strong></span> <span class='ocrx_word' id='word_1_16' title='bbox 1032 481 1209 562; x_wconf 79' lang='lat' dir='ltr'><strong>applicetur.</strong></span> 
     </span>
     <span class='ocr_line' id='line_1_4' title="bbox 191 565 1210 652; baseline -0.002 -16"><span class='ocrx_word' id='word_1_17' title='bbox 191 575 329 636; x_wconf 84' lang='lat' dir='ltr'><strong>desinent</strong></span> <span class='ocrx_word' id='word_1_18' title='bbox 356 572 593 652; x_wconf 83' lang='lat' dir='ltr'><strong>praelocutiones</strong></span> <span class='ocrx_word' id='word_1_19' title='bbox 625 569 766 629; x_wconf 79' lang='lat' dir='ltr'><strong>matricis.</strong></span> <span class='ocrx_word' id='word_1_20' title='bbox 811 568 938 629; x_wconf 80' lang='lat' dir='ltr'><strong>interius</strong></span> <span class='ocrx_word' id='word_1_21' title='bbox 970 585 1043 630; x_wconf 86' lang='lat' dir='ltr'><strong>rere</strong></span> <span class='ocrx_word' id='word_1_22' title='bbox 1072 572 1105 630; x_wconf 80' lang='lat' dir='ltr'><strong>iu</strong></span> <span class='ocrx_word' id='word_1_23' title='bbox 1134 565 1210 652; x_wconf 82' lang='lat' dir='ltr'><strong>ip&#39;sls</strong></span> 
     </span>
     <span class='ocr_line' id='line_1_5' title="bbox 192 655 1209 743; baseline -0.001 -20"><span class='ocrx_word' id='word_1_24' title='bbox 192 661 371 743; x_wconf 74' lang='lat' dir='ltr'><strong>genitalibus</strong></span> <span class='ocrx_word' id='word_1_25' title='bbox 393 661 474 722; x_wconf 85' lang='grc'><strong><em>10010</em></strong></span> <span class='ocrx_word' id='word_1_26' title='bbox 490 665 547 720; x_wconf 83' lang='lat' dir='ltr'><strong>aut</strong></span> <span class='ocrx_word' id='word_1_27' title='bbox 561 655 783 738; x_wconf 73' lang='lat' dir='ltr'><strong>opobalsamum</strong></span> <span class='ocrx_word' id='word_1_28' title='bbox 805 667 857 718; x_wconf 84' lang='lat' dir='ltr'><strong>aut</strong></span> <span class='ocrx_word' id='word_1_29' title='bbox 879 656 1006 718; x_wconf 80' lang='lat' dir='ltr'><strong>nardum</strong></span> <span class='ocrx_word' id='word_1_30' title='bbox 1029 666 1082 720; x_wconf 86' lang='lat' dir='ltr'><strong>aut</strong></span> <span class='ocrx_word' id='word_1_31' title='bbox 1103 659 1209 722; x_wconf 87' lang='lat' dir='ltr'><strong>lolium</strong></span> 
     </span>
     <span class='ocr_line' id='line_1_6' title="bbox 164 744 1209 834; baseline -0.002 -21"><span class='ocrx_word' id='word_1_32' title='bbox 164 762 337 834; x_wconf 74' lang='lat' dir='ltr'><strong>tappoues,</strong></span> <span class='ocrx_word' id='word_1_33' title='bbox 359 751 448 810; x_wconf 86' lang='lat' dir='ltr'><strong>etiam</strong></span> <span class='ocrx_word' id='word_1_34' title='bbox 467 756 499 810; x_wconf 82' lang='lat' dir='ltr'><strong>ot</strong></span> <span class='ocrx_word' id='word_1_35' title='bbox 515 744 641 827; x_wconf 78' lang='lat' dir='ltr'><strong>&#39;optimo</strong></span> <span class='ocrx_word' id='word_1_36' title='bbox 652 746 979 826; x_wconf 53' lang='lat' dir='ltr'><strong>supranominatum</strong></span> <span class='ocrx_word' id='word_1_37' title='bbox 1001 749 1082 807; x_wconf 86' lang='lat' dir='ltr'><strong>onim</strong></span> <span class='ocrx_word' id='word_1_38' title='bbox 1100 753 1209 810; x_wconf 84' lang='lat' dir='ltr'><strong>matrix</strong></span> 
     </span>
     <span class='ocr_line' id='line_1_7' title="bbox 191 831 1210 922; baseline -0.002 -22"><span class='ocrx_word' id='word_1_39' title='bbox 191 841 304 922; x_wconf 83' lang='lat' dir='ltr'><strong>poterit</strong></span> <span class='ocrx_word' id='word_1_40' title='bbox 325 831 427 900; x_wconf 75' lang='lat' dir='ltr'><strong>tondis</strong></span> <span class='ocrx_word' id='word_1_41' title='bbox 450 835 593 898; x_wconf 83' lang='lat' dir='ltr'><strong>odoribus</strong></span> <span class='ocrx_word' id='word_1_42' title='bbox 615 853 642 895; x_wconf 94' lang='lat' dir='ltr'><strong>a</strong></span> <span class='ocrx_word' id='word_1_43' title='bbox 655 833 861 914; x_wconf 81' lang='lat' dir='ltr'><strong>superioribus</strong></span> <span class='ocrx_word' id='word_1_44' title='bbox 884 835 934 895; x_wconf 84' lang='lat' dir='ltr'><strong>ad</strong></span> <span class='ocrx_word' id='word_1_45' title='bbox 946 833 1088 896; x_wconf 85' lang='lat' dir='ltr'><strong>inleriora</strong></span> <span class='ocrx_word' id='word_1_46' title='bbox 1113 833 1210 918; x_wconf 67' lang='lat' dir='ltr'><strong>iugari</strong></span> 
     </span>
     <span class='ocr_line' id='line_1_8' title="bbox 193 921 1211 1006; baseline -0.003 -17"><span class='ocrx_word' id='word_1_47' title='bbox 193 936 224 989; x_wconf 87' lang='lat' dir='ltr'><strong>et</strong></span> <span class='ocrx_word' id='word_1_48' title='bbox 245 928 312 988; x_wconf 88' lang='lat' dir='ltr'><strong>loco</strong></span> <span class='ocrx_word' id='word_1_49' title='bbox 338 923 461 1006; x_wconf 77' lang='lat' dir='ltr'><strong>proprio</strong></span> <span class='ocrx_word' id='word_1_50' title='bbox 484 921 632 1004; x_wconf 71' lang='lat' dir='ltr'><strong>revocari,</strong></span> <span class='ocrx_word' id='word_1_51' title='bbox 660 937 729 984; x_wconf 87' lang='lat' dir='ltr'><strong>oum</strong></span> <span class='ocrx_word' id='word_1_52' title='bbox 752 922 925 987; x_wconf 81' lang='lat' dir='ltr'><strong>melioribus</strong></span> <span class='ocrx_word' id='word_1_53' title='bbox 953 931 984 984; x_wconf 86' lang='lat' dir='ltr'><strong>et</strong></span> <span class='ocrx_word' id='word_1_54' title='bbox 1010 921 1151 986; x_wconf 79' lang='lat' dir='ltr'><strong>iucundis</strong></span> <span class='ocrx_word' id='word_1_55' title='bbox 1174 926 1211 986; x_wconf 89' lang='lat' dir='ltr'><strong>ad</strong></span> 
     </span>
     <span class='ocr_line' id='line_1_9' title="bbox 192 1013 1212 1094; baseline -0.003 -17"><span class='ocrx_word' id='word_1_56' title='bbox 192 1017 351 1078; x_wconf 81' lang='lat' dir='ltr'><strong>interiores</strong></span> <span class='ocrx_word' id='word_1_57' title='bbox 380 1022 482 1094; x_wconf 83' lang='lat' dir='ltr'><strong>partes</strong></span> <span class='ocrx_word' id='word_1_58' title='bbox 512 1014 604 1074; x_wconf 88' lang='lat' dir='ltr'><strong>luerit</strong></span> <span class='ocrx_word' id='word_1_59' title='bbox 632 1013 754 1073; x_wconf 82' lang='lat' dir='ltr'><strong>invitata</strong></span> <span class='ocrx_word' id='word_1_60' title='bbox 785 1017 817 1072; x_wconf 90' lang='lat' dir='ltr'><strong>et&#39;</strong></span> <span class='ocrx_word' id='word_1_61' title='bbox 844 1015 1212 1092; x_wconf 73' lang='grc'><strong><em>0000000100001000</em></strong></span> 
     </span>
     <span class='ocr_line' id='line_1_10' title="bbox 194 1095 1211 1182; baseline -0.003 -17"><span class='ocrx_word' id='word_1_62' title='bbox 194 1103 365 1165; x_wconf 79' lang='lat' dir='ltr'>cucurbitas</span> <span class='ocrx_word' id='word_1_63' title='bbox 392 1103 477 1162; x_wconf 79' lang='lat' dir='ltr'><strong>cutus</strong></span> <span class='ocrx_word' id='word_1_64' title='bbox 499 1096 551 1180; x_wconf 89' lang='lat' dir='ltr'><strong>&lt;id</strong></span> <span class='ocrx_word' id='word_1_65' title='bbox 579 1105 625 1160; x_wconf 86' lang='lat' dir='ltr'><strong>est</strong></span> <span class='ocrx_word' id='word_1_66' title='bbox 651 1095 740 1180; x_wconf 69' lang='lat' dir='ltr'><strong>leui).¹</strong></span> <span class='ocrx_word' id='word_1_67' title='bbox 754 1115 823 1160; x_wconf 85' lang='lat' dir='ltr'><strong>oum</strong></span> <span class='ocrx_word' id='word_1_68' title='bbox 846 1102 1030 1180; x_wconf 84' lang='lat' dir='ltr'><strong>appositione</strong></span> <span class='ocrx_word' id='word_1_69' title='bbox 1053 1119 1069 1161; x_wconf 94' lang='lat' dir='ltr'><strong>a</strong></span> <span class='ocrx_word' id='word_1_70' title='bbox 1091 1103 1211 1182; x_wconf 85' lang='lat' dir='ltr'><strong>superi·</strong></span> 
     </span>
     <span class='ocr_line' id='line_1_11' title="bbox 154 1186 1080 1270; baseline -0.003 -18"><span class='ocrx_word' id='word_1_71' title='bbox 154 1204 180 1245; x_wconf 84' lang='lat'><strong>1⁰</strong></span> <span class='ocrx_word' id='word_1_72' title='bbox 194 1190 298 1252; x_wconf 89' lang='lat' dir='ltr'><strong>oribus</strong></span> <span class='ocrx_word' id='word_1_73' title='bbox 320 1188 455 1270; x_wconf 90' lang='lat' dir='ltr'><strong>partibus</strong></span> <span class='ocrx_word' id='word_1_74' title='bbox 478 1206 574 1270; x_wconf 84' lang='lat' dir='ltr'><strong>usque</strong></span> <span class='ocrx_word' id='word_1_75' title='bbox 597 1186 633 1250; x_wconf 95' lang='lat' dir='ltr'><strong>ad</strong></span> <span class='ocrx_word' id='word_1_76' title='bbox 656 1190 779 1270; x_wconf 82' lang='lat' dir='ltr'>inguina</span> <span class='ocrx_word' id='word_1_77' title='bbox 801 1187 907 1253; x_wconf 80' lang='lat' dir='ltr'><strong>blande</strong></span> <span class='ocrx_word' id='word_1_78' title='bbox 930 1188 1080 1255; x_wconf 82' lang='lat' dir='ltr'><strong>deduces.-</strong></span> 
     </span>
     <span class='ocr_line' id='line_1_12' title="bbox 283 1275 1212 1358; baseline 0 -18"><span class='ocrx_word' id='word_1_79' title='bbox 283 1277 371 1340; x_wconf 84' lang='lat' dir='ltr'><strong>aliud.</strong></span> <span class='ocrx_word' id='word_1_80' title='bbox 409 1279 521 1342; x_wconf 90' lang='lat' dir='ltr'><strong>cumini</strong></span> <span class='ocrx_word' id='word_1_81' title='bbox 539 1275 693 1338; x_wconf 77' lang='lat' dir='ltr'><strong>torrefacti</strong></span> <span class='ocrx_word' id='word_1_82' title='bbox 712 1275 891 1338; x_wconf 83' lang='lat' dir='ltr'><strong>coclearium</strong></span> <span class='ocrx_word' id='word_1_83' title='bbox 913 1277 926 1337; x_wconf 94' lang='lat' dir='ltr'><strong>l</strong></span> <span class='ocrx_word' id='word_1_84' title='bbox 949 1277 1107 1358; x_wconf 83' lang='lat' dir='ltr'><strong>dssigenter</strong></span> <span class='ocrx_word' id='word_1_85' title='bbox 1130 1287 1212 1340; x_wconf 92' lang='lat' dir='ltr'><strong>teres</strong></span> 
     </span>
     <span class='ocr_line' id='line_1_13' title="bbox 194 1360 804 1430; baseline -0.008 0"><span class='ocrx_word' id='word_1_86' title='bbox 194 1375 225 1430; x_wconf 92' lang='lat' dir='ltr'><strong>et</strong></span> <span class='ocrx_word' id='word_1_87' title='bbox 248 1385 317 1430; x_wconf 89' lang='lat' dir='ltr'><strong>cum</strong></span> <span class='ocrx_word' id='word_1_88' title='bbox 339 1367 408 1428; x_wconf 84' lang='lat' dir='ltr'><strong>vino</strong></span> <span class='ocrx_word' id='word_1_89' title='bbox 431 1370 557 1428; x_wconf 83' lang='lat' dir='ltr'><strong>mixtum</strong></span> <span class='ocrx_word' id='word_1_90' title='bbox 580 1365 689 1426; x_wconf 89' lang='lat' dir='ltr'><strong>ieiunis</strong></span> <span class='ocrx_word' id='word_1_91' title='bbox 713 1360 804 1426; x_wconf 90' lang='lat' dir='ltr'><strong>dabis.</strong></span> 
     </span>
     <span class='ocr_line' id='line_1_14' title="bbox 283 1451 1211 1538; baseline 0 -22"><span class='ocrx_word' id='word_1_92' title='bbox 283 1455 371 1517; x_wconf 91' lang='lat' dir='ltr'><strong>aliud.</strong></span> <span class='ocrx_word' id='word_1_93' title='bbox 408 1455 580 1538; x_wconf 84' lang='lat' dir='ltr'><strong>vulpeculae</strong></span> <span class='ocrx_word' id='word_1_94' title='bbox 601 1451 692 1534; x_wconf 88' lang='lat' dir='ltr'><strong>adeps</strong></span> <span class='ocrx_word' id='word_1_95' title='bbox 711 1461 762 1514; x_wconf 94' lang='lat' dir='ltr'><strong>aut</strong></span> <span class='ocrx_word' id='word_1_96' title='bbox 780 1471 886 1536; x_wconf 92' lang='lat' dir='ltr'><strong>caprae</strong></span> <span class='ocrx_word' id='word_1_97' title='bbox 906 1471 975 1514; x_wconf 91' lang='lat' dir='ltr'><strong>cum</strong></span> <span class='ocrx_word' id='word_1_98' title='bbox 993 1451 1110 1516; x_wconf 89' lang='lat' dir='ltr'><strong>modico</strong></span> <span class='ocrx_word' id='word_1_99' title='bbox 1133 1453 1211 1516; x_wconf 88' lang='lat' dir='ltr'><strong>bitu·</strong></span> 
     </span>
     <span class='ocr_line' id='line_1_15' title="bbox 195 1542 1212 1626; baseline -0.001 -20"><span class='ocrx_word' id='word_1_100' title='bbox 195 1545 275 1606; x_wconf 89' lang='lat' dir='ltr'><strong>mine</strong></span> <span class='ocrx_word' id='word_1_101' title='bbox 298 1545 388 1606; x_wconf 90' lang='lat' dir='ltr'><strong>tritus</strong></span> <span class='ocrx_word' id='word_1_102' title='bbox 411 1545 495 1608; x_wconf 88' lang='lat' dir='ltr'><strong>etin</strong></span> <span class='ocrx_word' id='word_1_103' title='bbox 518 1561 606 1626; x_wconf 91' lang='lat' dir='ltr'><strong>pesso</strong></span> <span class='ocrx_word' id='word_1_104' title='bbox 630 1543 784 1624; x_wconf 90' lang='lat' dir='ltr'><strong>appositus</strong></span> <span class='ocrx_word' id='word_1_105' title='bbox 805 1542 1057 1624; x_wconf 79' lang='lat' dir='ltr'><strong>praefocationem</strong></span> <span class='ocrx_word' id='word_1_106' title='bbox 1079 1545 1212 1605; x_wconf 83' lang='lat' dir='ltr'><strong>matricis</strong></span> 
     </span>
     <span class='ocr_line' id='line_1_16' title="bbox 155 1635 317 1694; baseline 0 0"><span class='ocrx_word' id='word_1_107' title='bbox 155 1645 181 1687; x_wconf 82' lang='lat'><strong>1⁵</strong></span> <span class='ocrx_word' id='word_1_108' title='bbox 195 1635 258 1694; x_wconf 84' lang='lat' dir='ltr'><strong>mit‘</strong></span> <span class='ocrx_word' id='word_1_109' title='bbox 280 1639 317 1694; x_wconf 87' lang='lat' dir='ltr'><strong>at.</strong></span> 
     </span>
     <span class='ocr_line' id='line_1_17' title="bbox 250 1652 1212 1802; baseline -0.003 -19"><span class='ocrx_word' id='word_1_110' title='bbox 250 1652 433 1784; x_wconf 79' lang='lat' dir='ltr'><strong>lgtrociscus</strong></span> <span class='ocrx_word' id='word_1_111' title='bbox 460 1721 668 1802; x_wconf 77' lang='lat' dir='ltr'><strong>ppocapnistos</strong></span> <span class='ocrx_word' id='word_1_112' title='bbox 695 1717 796 1780; x_wconf 91' lang='lat' dir='ltr'><strong>idest</strong></span> <span class='ocrx_word' id='word_1_113' title='bbox 822 1719 1077 1800; x_wconf 80' lang='lat' dir='ltr'><strong>suffumigatorius</strong></span> <span class='ocrx_word' id='word_1_114' title='bbox 1101 1719 1212 1780; x_wconf 79' lang='lat' dir='ltr'><strong>iaciens</strong></span> 
     </span>
     <span class='ocr_line' id='line_1_18' title="bbox 196 1805 1212 1892; baseline -0.001 -21"><span class='ocrx_word' id='word_1_115' title='bbox 196 1810 231 1871; x_wconf 92' lang='lat' dir='ltr'><strong>ad</strong></span> <span class='ocrx_word' id='word_1_116' title='bbox 264 1817 417 1872; x_wconf 89' lang='lat' dir='ltr'><strong>menstrua</strong></span> <span class='ocrx_word' id='word_1_117' title='bbox 449 1807 622 1870; x_wconf 87' lang='lat' dir='ltr'><strong>deducenda</strong></span> <span class='ocrx_word' id='word_1_118' title='bbox 654 1815 685 1868; x_wconf 89' lang='lat' dir='ltr'><strong>et</strong></span> <span class='ocrx_word' id='word_1_119' title='bbox 717 1805 753 1867; x_wconf 93' lang='lat' dir='ltr'><strong>ad</strong></span> <span class='ocrx_word' id='word_1_120' title='bbox 785 1809 918 1870; x_wconf 84' lang='lat' dir='ltr'><strong>matricis</strong></span> <span class='ocrx_word' id='word_1_121' title='bbox 946 1806 1123 1892; x_wconf 83' lang='lat' dir='ltr'><strong>adscensum</strong></span> <span class='ocrx_word' id='word_1_122' title='bbox 1152 1809 1212 1870; x_wconf 89' lang='lat' dir='ltr'><strong>slve</strong></span> 
     </span>
     <span class='ocr_line' id='line_1_19' title="bbox 196 1893 1213 1978; baseline -0.003 -19"><span class='ocrx_word' id='word_1_123' title='bbox 196 1916 360 1978; x_wconf 89' lang='lat' dir='ltr'><strong>supernum</strong></span> <span class='ocrx_word' id='word_1_124' title='bbox 379 1914 546 1976; x_wconf 85' lang='lat' dir='ltr'><strong>recursum,</strong></span> <span class='ocrx_word' id='word_1_125' title='bbox 565 1913 654 1974; x_wconf 88' lang='lat' dir='ltr'><strong>quem</strong></span> <span class='ocrx_word' id='word_1_126' title='bbox 674 1893 779 1956; x_wconf 89' lang='lat' dir='ltr'><strong>Graeci</strong></span> <span class='ocrx_word' id='word_1_127' title='bbox 797 1895 976 1970; x_wconf 85' lang='lat' dir='ltr'><strong>anadromen</strong></span> <span class='ocrx_word' id='word_1_128' title='bbox 996 1895 1108 1978; x_wconf 81' lang='lat' dir='ltr'><strong>dicum,</strong></span> <span class='ocrx_word' id='word_1_129' title='bbox 1126 1903 1158 1958; x_wconf 93' lang='lat' dir='ltr'><strong>et</strong></span> <span class='ocrx_word' id='word_1_130' title='bbox 1178 1897 1213 1956; x_wconf 93' lang='lat' dir='ltr'><strong>ad</strong></span> 
     </span>
     <span class='ocr_line' id='line_1_20' title="bbox 195 1983 1213 2066; baseline -0.001 -20"><span class='ocrx_word' id='word_1_131' title='bbox 195 1985 446 2066; x_wconf 79' lang='lat' dir='ltr'><strong>praefocationem</strong></span> <span class='ocrx_word' id='word_1_132' title='bbox 474 1985 606 2044; x_wconf 90' lang='lat' dir='ltr'><strong>matricis</strong></span> <span class='ocrx_word' id='word_1_133' title='bbox 634 1985 745 2062; x_wconf 91' lang='lat' dir='ltr'><strong>optime</strong></span> <span class='ocrx_word' id='word_1_134' title='bbox 773 1984 893 2046; x_wconf 83' lang='lat' dir='ltr'><strong>iaciens.</strong></span> <span class='ocrx_word' id='word_1_135' title='bbox 935 1985 1042 2066; x_wconf 90' lang='lat' dir='ltr'><strong>recipit</strong></span> <span class='ocrx_word' id='word_1_136' title='bbox 1069 1983 1213 2046; x_wconf 87' lang='lat' dir='ltr'><strong>dictamni</strong></span> 
     </span>
    </p>
   </div>
   <div class='ocr_carea' id='block_1_3' title="bbox 157 2069 1213 2159">
    <p class='ocr_par' dir='ltr' id='par_1_3' title="bbox 157 2069 1213 2159">
     <span class='ocr_line' id='line_1_21' title="bbox 157 2069 1213 2159; baseline 0 -25"><span class='ocrx_word' id='word_1_137' title='bbox 157 2087 184 2126; x_wconf 80' lang='lat'><strong>²0</strong></span> <span class='ocrx_word' id='word_1_138' title='bbox 198 2075 316 2156; x_wconf 84' lang='lat' dir='ltr'><strong>cretici,</strong></span> <span class='ocrx_word' id='word_1_139' title='bbox 339 2073 521 2159; x_wconf 77' lang='lat' dir='ltr'><strong>artemisiae,</strong></span> <span class='ocrx_word' id='word_1_140' title='bbox 543 2073 699 2152; x_wconf 91' lang='lat' dir='ltr'><strong>paeoniae,</strong></span> <span class='ocrx_word' id='word_1_141' title='bbox 726 2069 832 2152; x_wconf 82' lang='lat' dir='ltr'><strong>lapidis</strong></span> <span class='ocrx_word' id='word_1_142' title='bbox 856 2073 983 2155; x_wconf 79' lang='lat' dir='ltr'><strong>gagatis,</strong></span> <span class='ocrx_word' id='word_1_143' title='bbox 1006 2071 1213 2134; x_wconf 90' lang='lat' dir='ltr'><strong>aristolochiae</strong></span> 
     </span>
    </p>
   </div>
   <div class='ocr_carea' id='block_1_4' title="bbox 196 2347 1216 3056">
    <p class='ocr_par' dir='ltr' id='par_1_4' title="bbox 197 2347 1214 2701">
     <span class='ocr_line' id='line_1_22' title="bbox 269 2347 1214 2420; baseline 0 -16"><span class='ocrx_word' id='word_1_144' title='bbox 269 2355 340 2406; x_wconf 78' lang='grc'><strong>100</strong></span> <span class='ocrx_word' id='word_1_145' title='bbox 363 2365 447 2419; x_wconf 83' lang='lat' dir='ltr'><strong>cupre</strong></span> <span class='ocrx_word' id='word_1_146' title='bbox 470 2357 488 2404; x_wconf 79' lang='grc'><strong>0</strong></span> <span class='ocrx_word' id='word_1_147' title='bbox 510 2348 565 2419; x_wconf 84' lang='lat' dir='ltr'><strong>pre&#39;</strong></span> <span class='ocrx_word' id='word_1_148' title='bbox 589 2349 728 2406; x_wconf 80' lang='lat' dir='ltr'><strong>combusti</strong></span> <span class='ocrx_word' id='word_1_149' title='bbox 750 2353 820 2416; x_wconf 77' lang='lat' dir='ltr'><strong>e,d</strong></span> <span class='ocrx_word' id='word_1_150' title='bbox 846 2363 901 2418; x_wconf 77' lang='lat' dir='ltr'><strong>cup</strong></span> <span class='ocrx_word' id='word_1_151' title='bbox 923 2347 1011 2418; x_wconf 66' lang='lat' dir='ltr'><strong>epicis</strong></span> <span class='ocrx_word' id='word_1_152' title='bbox 1032 2349 1179 2406; x_wconf 77' lang='lat' dir='ltr'><strong>combusta</strong></span> <span class='ocrx_word' id='word_1_153' title='bbox 1191 2365 1214 2420; x_wconf 87' lang='lat' dir='ltr'><strong>p</strong></span> 
     </span>
     <span class='ocr_line' id='line_1_23' title="bbox 196 2418 1212 2503; baseline 0.002 -27.026"><span class='ocrx_word' id='word_1_154' title='bbox 196 2421 244 2488; x_wconf 74' lang='lat' dir='ltr'><strong>(ef.</strong></span> <span class='ocrx_word' id='word_1_155' title='bbox 196 2421 327 2486; x_wconf 73' lang='lat' dir='ltr'><strong>(Gal</strong></span> <span class='ocrx_word' id='word_1_156' title='bbox 348 2420 455 2487; x_wconf 85' lang='lat' dir='ltr'><strong>XIII,</strong></span> <span class='ocrx_word' id='word_1_157' title='bbox 474 2425 541 2476; x_wconf 84' lang='grc'><strong><em>300.</em></strong></span> <span class='ocrx_word' id='word_1_158' title='bbox 572 2421 635 2474; x_wconf 79' lang='lat' dir='ltr'><strong>Act.</strong></span> <span class='ocrx_word' id='word_1_159' title='bbox 653 2424 705 2486; x_wconf 88' lang='grc'><strong>10,</strong></span> <span class='ocrx_word' id='word_1_160' title='bbox 723 2423 818 2489; x_wconf 73' lang='grc'><strong><em>080.</em></strong></span> <span class='ocrx_word' id='word_1_161' title='bbox 834 2425 898 2475; x_wconf 78' lang='grc'><strong><em>097,</em></strong></span> <span class='ocrx_word' id='word_1_162' title='bbox 933 2419 985 2474; x_wconf 78' lang='lat' dir='ltr'><strong>Tio.</strong></span> <span class='ocrx_word' id='word_1_163' title='bbox 1002 2418 1091 2476; x_wconf 71' lang='lat' dir='ltr'><strong>stiae.</strong></span> <span class='ocrx_word' id='word_1_164' title='bbox 1104 2427 1212 2503; x_wconf 61' lang='lat' dir='ltr'><strong>pycta</strong></span> 
     </span>
     <span class='ocr_line' id='line_1_24' title="bbox 197 2461 1213 2560; baseline 0.001 -15"><span class='ocrx_word' id='word_1_165' title='bbox 197 2496 294 2546; x_wconf 77' lang='lat' dir='ltr'><strong>eontra</strong></span> <span class='ocrx_word' id='word_1_166' title='bbox 311 2492 437 2560; x_wconf 78' lang='lat' dir='ltr'><strong>disputet</strong></span> <span class='ocrx_word' id='word_1_167' title='bbox 455 2490 624 2559; x_wconf 78' lang='lat' dir='ltr'><strong>Sorcuuap.</strong></span> <span class='ocrx_word' id='word_1_168' title='bbox 643 2461 724 2558; x_wconf 79' lang='grc'><strong><em>050).</em></strong></span> <span class='ocrx_word' id='word_1_169' title='bbox 831 2490 1027 2546; x_wconf 64' lang='lat' dir='ltr'><strong>tnuribusc:</strong></span> <span class='ocrx_word' id='word_1_170' title='bbox 1053 2490 1213 2560; x_wconf 74' lang='lat' dir='ltr'><strong>cumbusp</strong></span> 
     </span>
     <span class='ocr_line' id='line_1_25' title="bbox 197 2559 1213 2630; baseline 0.002 -15"><span class='ocrx_word' id='word_1_171' title='bbox 197 2561 387 2630; x_wconf 72' lang='lat' dir='ltr'><strong>applicatos,</strong></span> <span class='ocrx_word' id='word_1_172' title='bbox 405 2559 573 2629; x_wconf 76' lang='lat' dir='ltr'><strong>uplicctep.</strong></span> <span class='ocrx_word' id='word_1_173' title='bbox 665 2560 880 2630; x_wconf 68' lang='lat' dir='ltr'><strong>clarmonte,</strong></span> <span class='ocrx_word' id='word_1_174' title='bbox 904 2561 1055 2617; x_wconf 76' lang='grc'><strong><em>0000000.</em></strong></span> <span class='ocrx_word' id='word_1_175' title='bbox 1146 2577 1213 2617; x_wconf 78' lang='lat' dir='ltr'><strong>vero</strong></span> 
     </span>
     <span class='ocr_line' id='line_1_26' title="bbox 197 2631 1213 2758; baseline 0.003 -72"><span class='ocrx_word' id='word_1_176' title='bbox 197 2645 290 2758; x_wconf 73' lang='grc'><strong><em>0000</em></strong></span> <span class='ocrx_word' id='word_1_177' title='bbox 397 2631 484 2688; x_wconf 72' lang='lat' dir='ltr'><strong>tuat</strong></span> <span class='ocrx_word' id='word_1_178' title='bbox 502 2647 529 2686; x_wconf 91' lang='grc'><strong>0.</strong></span> <span class='ocrx_word' id='word_1_179' title='bbox 547 2631 717 2700; x_wconf 68' lang='lat' dir='ltr'><strong>matricisp</strong></span> <span class='ocrx_word' id='word_1_180' title='bbox 820 2635 1012 2713; x_wconf 68' lang='lat' dir='ltr'><strong>ostorooop,</strong></span> <span class='ocrx_word' id='word_1_181' title='bbox 1033 2632 1213 2716; x_wconf 72' lang='grc'><strong><em>00000000.</em></strong></span> 
     </span>
    </p>

    <p class='ocr_par' dir='ltr' id='par_1_5' title="bbox 196 2699 1216 3056">
     <span class='ocr_line' id='line_1_27' title="bbox 211 2699 1215 2842; baseline 0.002 -86.151"><span class='ocrx_word' id='word_1_182' title='bbox 211 2699 436 2842; x_wconf 46' lang='lat' dir='ltr'><strong>uffiossfmise.</strong></span> <span class='ocrx_word' id='word_1_183' title='bbox 510 2705 644 2771; x_wconf 73' lang='lat' dir='ltr'><strong>nepot.</strong></span> <span class='ocrx_word' id='word_1_184' title='bbox 658 2699 806 2771; x_wconf 75' lang='lat' dir='ltr'><strong>matrixp.</strong></span> <span class='ocrx_word' id='word_1_185' title='bbox 880 2702 1215 2773; x_wconf 72' lang='lat' dir='ltr'><strong>tproprioceprimop</strong></span> 
     </span>
     <span class='ocr_line' id='line_1_28' title="bbox 196 2774 1215 2856; baseline 0 -28"><span class='ocrx_word' id='word_1_186' title='bbox 196 2775 279 2831; x_wconf 85' lang='lat' dir='ltr'><strong>ioecn</strong></span> <span class='ocrx_word' id='word_1_187' title='bbox 470 2774 713 2843; x_wconf 35' lang='lat' dir='ltr'><strong>emortuom</strong></span> <span class='ocrx_word' id='word_1_188' title='bbox 799 2776 952 2856; x_wconf 73' lang='grc'><strong><em>1000000,</em></strong></span> <span class='ocrx_word' id='word_1_189' title='bbox 974 2776 1111 2830; x_wconf 70' lang='lat' dir='ltr'><strong>unctae.</strong></span> <span class='ocrx_word' id='word_1_190' title='bbox 1198 2781 1215 2828; x_wconf 83' lang='lat' dir='ltr'><strong>e</strong></span> 
     </span>
     <span class='ocr_line' id='line_1_29' title="bbox 197 2791 1215 2914; baseline -0.001 -13"><span class='ocrx_word' id='word_1_191' title='bbox 197 2844 323 2902; x_wconf 78' lang='lat' dir='ltr'><strong>eucurbil</strong></span> <span class='ocrx_word' id='word_1_192' title='bbox 324 2843 469 2914; x_wconf 77' lang='grc'><strong><em>00(001”00</em></strong></span> <span class='ocrx_word' id='word_1_193' title='bbox 487 2791 550 2900; x_wconf 80' lang='grc'><strong><em>000.</em></strong></span> <span class='ocrx_word' id='word_1_194' title='bbox 571 2845 595 2913; x_wconf 88' lang='grc'><strong>0)</strong></span> <span class='ocrx_word' id='word_1_195' title='bbox 619 2859 683 2900; x_wconf 86' lang='lat' dir='ltr'><strong>cum</strong></span> <span class='ocrx_word' id='word_1_196' title='bbox 701 2845 877 2914; x_wconf 70' lang='lat' dir='ltr'><strong>appositione</strong></span> <span class='ocrx_word' id='word_1_197' title='bbox 901 2845 1215 2914; x_wconf 62' lang='grc'><strong><em>0010010000</em></strong></span> 
     </span>
     <span class='ocr_line' id='line_1_30' title="bbox 197 2915 1215 3000; baseline 0 -30"><span class='ocrx_word' id='word_1_198' title='bbox 197 2915 328 3000; x_wconf 71' lang='grc'><strong><em>000100,</em></strong></span> <span class='ocrx_word' id='word_1_199' title='bbox 352 2915 417 2972; x_wconf 79' lang='lat' dir='ltr'><strong>orbe</strong></span> <span class='ocrx_word' id='word_1_200' title='bbox 439 2915 542 2972; x_wconf 78' lang='lat' dir='ltr'><strong>bhnde</strong></span> <span class='ocrx_word' id='word_1_201' title='bbox 565 2915 717 2997; x_wconf 79' lang='grc'><strong><em>(1010000.</em></strong></span> <span class='ocrx_word' id='word_1_202' title='bbox 798 2921 829 2970; x_wconf 91' lang='grc'><strong>11</strong></span> <span class='ocrx_word' id='word_1_203' title='bbox 849 2915 994 2972; x_wconf 70' lang='lat' dir='ltr'><strong>torrefacti</strong></span> <span class='ocrx_word' id='word_1_204' title='bbox 1008 2931 1063 2997; x_wconf 78' lang='grc'><strong><em>000.</em></strong></span> <span class='ocrx_word' id='word_1_205' title='bbox 1082 2932 1105 2972; x_wconf 88' lang='grc'><strong>0.</strong></span> <span class='ocrx_word' id='word_1_206' title='bbox 1181 2922 1215 2970; x_wconf 71' lang='grc'><strong>10</strong></span> 
     </span>
     <span class='ocr_line' id='line_1_31' title="bbox 197 2985 1216 3056; baseline 0.002 -14"><span class='ocrx_word' id='word_1_207' title='bbox 197 2991 273 3042; x_wconf 76' lang='lat' dir='ltr'><strong>cuer</strong></span> <span class='ocrx_word' id='word_1_208' title='bbox 291 3001 384 3054; x_wconf 70' lang='grc'><strong><em>0000</em></strong></span> <span class='ocrx_word' id='word_1_209' title='bbox 466 2987 556 3042; x_wconf 82' lang='lat' dir='ltr'><strong>mixto</strong></span> <span class='ocrx_word' id='word_1_210' title='bbox 569 3002 611 3056; x_wconf 84' lang='lat' dir='ltr'><strong>cp.</strong></span> <span class='ocrx_word' id='word_1_211' title='bbox 692 2985 799 3042; x_wconf 80' lang='lat' dir='ltr'><strong>ieiunos</strong></span> <span class='ocrx_word' id='word_1_212' title='bbox 819 2986 900 3044; x_wconf 75' lang='lat' dir='ltr'><strong>debis</strong></span> <span class='ocrx_word' id='word_1_213' title='bbox 925 3003 953 3054; x_wconf 89' lang='grc'><strong>0,</strong></span> <span class='ocrx_word' id='word_1_214' title='bbox 978 2986 1106 3042; x_wconf 83' lang='lat' dir='ltr'><strong>ieiunans</strong></span> <span class='ocrx_word' id='word_1_215' title='bbox 1131 2989 1216 3056; x_wconf 77' lang='lat' dir='ltr'><strong>poto·</strong></span> 
     </span>
    </p>
   </div>
   <div class='ocr_carea' id='block_1_5' title="bbox 196 3068 1217 3569">
    <p class='ocr_par' dir='ltr' id='par_1_6' title="bbox 196 3068 1216 3569">
     <span class='ocr_line' id='line_1_32' title="bbox 197 3068 1216 3200; baseline -0.001 -70"><span class='ocrx_word' id='word_1_216' title='bbox 197 3074 285 3146; x_wconf 77' lang='lat' dir='ltr'><strong>hisp,</strong></span> <span class='ocrx_word' id='word_1_217' title='bbox 359 3079 392 3128; x_wconf 87' lang='grc'><strong>111</strong></span> <span class='ocrx_word' id='word_1_218' title='bbox 412 3074 565 3144; x_wconf 85' lang='lat' dir='ltr'><strong>adipem.</strong></span> <span class='ocrx_word' id='word_1_219' title='bbox 581 3073 700 3130; x_wconf 57' lang='lat' dir='ltr'><strong>drictum</strong></span> <span class='ocrx_word' id='word_1_220' title='bbox 715 3090 760 3156; x_wconf 82' lang='lat' dir='ltr'><strong>op.</strong></span> <span class='ocrx_word' id='word_1_221' title='bbox 839 3091 938 3146; x_wconf 81' lang='lat' dir='ltr'><strong>cape,</strong></span> <span class='ocrx_word' id='word_1_222' title='bbox 958 3068 1031 3200; x_wconf 81' lang='grc'><strong><em>0000</em></strong></span> <span class='ocrx_word' id='word_1_223' title='bbox 1045 3077 1216 3145; x_wconf 80' lang='lat' dir='ltr'><strong>(eupree)p.</strong></span> 
     </span>
     <span class='ocr_line' id='line_1_33' title="bbox 199 3141 1217 3228; baseline 0.003 -32"><span class='ocrx_word' id='word_1_224' title='bbox 199 3150 233 3196; x_wconf 88' lang='grc'><strong>14</strong></span> <span class='ocrx_word' id='word_1_225' title='bbox 252 3145 307 3198; x_wconf 83' lang='grc'><strong>00</strong></span> <span class='ocrx_word' id='word_1_226' title='bbox 299 3159 426 3214; x_wconf 77' lang='lat' dir='ltr'><strong>inpresso</strong></span> <span class='ocrx_word' id='word_1_227' title='bbox 445 3145 647 3228; x_wconf 75' lang='lat' dir='ltr'><strong>appositumc,</strong></span> <span class='ocrx_word' id='word_1_228' title='bbox 667 3141 722 3198; x_wconf 88' lang='grc'><strong>00</strong></span> <span class='ocrx_word' id='word_1_229' title='bbox 713 3161 838 3214; x_wconf 81' lang='lat' dir='ltr'><strong>mpresuo</strong></span> <span class='ocrx_word' id='word_1_230' title='bbox 857 3149 887 3201; x_wconf 88' lang='grc'><strong>00</strong></span> <span class='ocrx_word' id='word_1_231' title='bbox 904 3147 1017 3216; x_wconf 76' lang='lat' dir='ltr'><strong>apposni</strong></span> <span class='ocrx_word' id='word_1_232' title='bbox 1018 3153 1079 3214; x_wconf 80' lang='lat' dir='ltr'><strong>ap.</strong></span> <span class='ocrx_word' id='word_1_233' title='bbox 1147 3161 1217 3199; x_wconf 80' lang='lat' dir='ltr'><strong>mu-</strong></span> 
     </span>
     <span class='ocr_line' id='line_1_34' title="bbox 197 3214 1217 3298; baseline 0.003 -30"><span class='ocrx_word' id='word_1_234' title='bbox 197 3214 314 3282; x_wconf 83' lang='lat' dir='ltr'><strong>trioisp</strong></span> <span class='ocrx_word' id='word_1_235' title='bbox 320 3216 397 3268; x_wconf 72' lang='lat' dir='ltr'><strong>tant</strong></span> <span class='ocrx_word' id='word_1_236' title='bbox 414 3229 429 3268; x_wconf 88' lang='grc'><strong>0</strong></span> <span class='ocrx_word' id='word_1_237' title='bbox 447 3219 512 3283; x_wconf 80' lang='lat' dir='ltr'><strong>(pro</strong></span> <span class='ocrx_word' id='word_1_238' title='bbox 530 3215 655 3269; x_wconf 70' lang='lat' dir='ltr'><strong>maincia</strong></span> <span class='ocrx_word' id='word_1_239' title='bbox 672 3217 830 3284; x_wconf 74' lang='lat' dir='ltr'><strong>compendio</strong></span> <span class='ocrx_word' id='word_1_240' title='bbox 848 3231 877 3268; x_wconf 85' lang='lat' dir='ltr'><strong>m</strong></span> <span class='ocrx_word' id='word_1_241' title='bbox 890 3217 967 3283; x_wconf 80' lang='lat' dir='ltr'><strong>lecto,</strong></span> <span class='ocrx_word' id='word_1_242' title='bbox 984 3221 1016 3271; x_wconf 83' lang='lat' dir='ltr'><strong>rtt</strong></span> <span class='ocrx_word' id='word_1_243' title='bbox 1033 3231 1115 3298; x_wconf 70' lang='grc'><strong><em>00010</em></strong></span> <span class='ocrx_word' id='word_1_244' title='bbox 1125 3215 1217 3285; x_wconf 75' lang='lat' dir='ltr'><strong>infru,</strong></span> 
     </span>
     <span class='ocr_line' id='line_1_35' title="bbox 196 3285 1217 3357; baseline 0.002 -17"><span class='ocrx_word' id='word_1_245' title='bbox 196 3289 242 3350; x_wconf 82' lang='grc'><strong>00,</strong></span> <span class='ocrx_word' id='word_1_246' title='bbox 262 3289 282 3340; x_wconf 82' lang='grc'><strong>0</strong></span> <span class='ocrx_word' id='word_1_247' title='bbox 297 3309 332 3332; x_wconf 79' lang='grc' dir='ltr'><strong>ι-</strong></span> <span class='ocrx_word' id='word_1_248' title='bbox 345 3287 449 3353; x_wconf 81' lang='lat' dir='ltr'><strong>autem,</strong></span> <span class='ocrx_word' id='word_1_249' title='bbox 467 3301 504 3342; x_wconf 85' lang='lat' dir='ltr'><strong>au</strong></span> <span class='ocrx_word' id='word_1_250' title='bbox 504 3285 595 3354; x_wconf 65' lang='lat' dir='ltr'><strong>tui)</strong></span> <span class='ocrx_word' id='word_1_251' title='bbox 669 3291 702 3344; x_wconf 80' lang='lat' dir='ltr'><strong>tc</strong></span> <span class='ocrx_word' id='word_1_252' title='bbox 715 3286 975 3356; x_wconf 72' lang='lat' dir='ltr'><strong>ypocapmirtrosc</strong></span> <span class='ocrx_word' id='word_1_253' title='bbox 991 3285 1217 3357; x_wconf 78' lang='lat' dir='ltr'><strong>opooanirtoop.</strong></span> 
     </span>
     <span class='ocr_line' id='line_1_36' title="bbox 197 3354 1217 3428; baseline 0.004 -18"><span class='ocrx_word' id='word_1_254' title='bbox 197 3354 406 3412; x_wconf 80' lang='lat' dir='ltr'><strong>ruffumulorine</strong></span> <span class='ocrx_word' id='word_1_255' title='bbox 430 3371 470 3425; x_wconf 83' lang='lat' dir='ltr'><strong>op</strong></span> <span class='ocrx_word' id='word_1_256' title='bbox 545 3357 577 3410; x_wconf 83' lang='grc'><strong>17</strong></span> <span class='ocrx_word' id='word_1_257' title='bbox 596 3355 780 3425; x_wconf 73' lang='grc'><strong><em>0110000000,</em></strong></span> <span class='ocrx_word' id='word_1_258' title='bbox 798 3357 959 3428; x_wconf 79' lang='lat' dir='ltr'><strong>udcurudp.</strong></span> <span class='ocrx_word' id='word_1_259' title='bbox 1043 3363 1076 3412; x_wconf 88' lang='lat'><strong>18</strong></span> <span class='ocrx_word' id='word_1_260' title='bbox 1094 3356 1217 3414; x_wconf 73' lang='grc'><strong><em>000000</em></strong></span> 
     </span>
     <span class='ocr_line' id='line_1_37' title="bbox 197 3425 1217 3500; baseline 0 -18"><span class='ocrx_word' id='word_1_261' title='bbox 197 3443 308 3495; x_wconf 87' lang='lat' dir='ltr'><strong>mono,</strong></span> <span class='ocrx_word' id='word_1_262' title='bbox 328 3427 443 3484; x_wconf 74' lang='lat' dir='ltr'><strong>-droffi</strong></span> <span class='ocrx_word' id='word_1_263' title='bbox 456 3442 487 3496; x_wconf 83' lang='lat' dir='ltr'><strong>p</strong></span> <span class='ocrx_word' id='word_1_264' title='bbox 562 3425 882 3500; x_wconf 66' lang='grc'><strong><em>1910000000.</em></strong></span> <span class='ocrx_word' id='word_1_265' title='bbox 970 3427 1217 3497; x_wconf 81' lang='lat' dir='ltr'><strong>uictamio,‹tip-</strong></span> 
     </span>
     <span class='ocr_line' id='line_1_38' title="bbox 197 3497 614 3569; baseline 0.008 -19"><span class='ocrx_word' id='word_1_266' title='bbox 197 3497 311 3568; x_wconf 82' lang='lat' dir='ltr'><strong>tamip</strong></span> <span class='ocrx_word' id='word_1_267' title='bbox 385 3503 420 3554; x_wconf 84' lang='lat' dir='ltr'><strong>to</strong></span> <span class='ocrx_word' id='word_1_268' title='bbox 438 3497 614 3569; x_wconf 59' lang='lat' dir='ltr'><strong>apogeum</strong></span> 
     </span>
    </p>
   </div>
   <div class='ocr_carea' id='block_1_6' title="bbox 0 0 1300 4040">
    <p class='ocr_par' dir='ltr' id='par_1_7' title="bbox 0 0 1300 4040">
     <span class='ocr_line' id='line_1_39' title="bbox 0 0 1300 4040; baseline 0 0"><span class='ocrx_word' id='word_1_269' title='bbox 0 0 1300 4040; x_wconf 95' lang='lat' dir='ltr'><strong> </strong></span> 
     </span>
    </p>
   </div>
  </div>
 </body>
</html>
