2588 4028
539 213 778 278 -154-

454 393 540 456 Lllll.
577 394 625 454 ld
651 394 860 454 freneticos,

238 517 292 580 Est
319 525 418 580 autem
446 518 572 580 frenesis
600 519 765 578 immutatio
795 518 904 580 mentis
928 534 997 578 cum
1025 517 1110 580 febre
1133 521 1165 579 iu

148 625 209 668 uno
233 623 436 686 perseverans.
473 614 503 668 et
526 605 654 667 eflicitur
677 607 802 666 maxime
824 624 861 669 ex
884 608 974 668 nimia
997 605 1165 690 adustione,

150 694 228 774 quod
257 713 293 754 ex
320 712 483 756 encauseos
516 694 632 776 dicunt,
665 703 716 755 aut
749 712 785 754 ex
813 693 980 756 vinolentia
1027 697 1165 774 sequitur

122 792 249 846 dautem
268 792 404 862 aegrotos
428 782 520 844 febris
539 789 633 863 acuta,
656 781 749 843 rubor
768 781 880 864 vultus,
905 782 996 844 multa
1016 782 1166 844 mobilitas

149 871 304 934 oculorum
323 890 391 932 cum
409 873 555 952 tensione,
573 870 739 932 lucubratio
759 872 821 931 sive
838 873 1040 953 insomnietas
1057 871 1165 952 pulsus

148 961 290 1041 parvitas,
318 978 406 1038 quam
435 960 643 1038 microsfyxiau
670 957 788 1040 dicunt,
820 962 929 1020 mentis
962 959 1100 1020 alienatio
1133 970 1164 1022 et

149 1049 350 1127 croeydismos
368 1047 398 1109 id
418 1057 464 1110 est
481 1047 627 1110 docorum
646 1047 766 1128 electio,
789 1049 815 1108 si
839 1048 960 1128 quidem
978 1047 1079 1127 digitis
1103 1049 1162 1109 fre·

148 1144 275 1214 quanter
307 1139 365 1216 ipsi
401 1139 548 1216 patientes
586 1139 770 1216 operimenta
802 1144 960 1198 attractare
996 1135 1164 1198 rideantur.

108 1236 134 1278 10
148 1223 304 1304 abquando
333 1244 349 1286 e
376 1223 540 1306 parietibus
568 1224 692 1304 stipulas
720 1224 835 1306 legunt,
864 1225 944 1304 quod
968 1224 1073 1286 Graeci
1099 1243 1165 1286 car·

148 1312 275 1394 fologian
299 1313 454 1394 appellant.
492 1321 522 1374 et
541 1313 697 1394 aliquando
716 1331 786 1374 cum
805 1312 951 1376 hilaritate
976 1314 1165 1395 freneticam,

149 1401 306 1480 aliquando
331 1420 400 1464 rero
425 1419 494 1464 cum
516 1403 646 1463 tristitia.

235 1493 266 1550 in
295 1489 500 1552 curationibus
532 1509 602 1552 vero
634 1492 713 1552 inter
746 1489 881 1570 scapulas
913 1491 993 1550 circa
1026 1489 1164 1572 spondyli

51 1627 56 1630 .
147 1577 246 1638 locum
279 1577 434 1641 cucurbita
466 1597 534 1640 cum
564 1579 752 1640 scarifatione
786 1580 896 1660 uteris,
928 1586 958 1638 et
990 1588 1057 1658 post
1088 1578 1164 1639 haec

109 1678 134 1718 1⁵
147 1674 306 1746 praetonso
333 1671 468 1748 pressius
496 1670 591 1747 capite
619 1667 694 1728 lauis
718 1665 881 1746 oxyrodiuo
904 1666 1010 1726 infusis
1035 1667 1164 1746 operies.

148 1763 178 1814 et
201 1757 226 1814 si
249 1767 353 1817 venter
376 1775 436 1817 non
459 1757 576 1830 fecerit,
601 1755 728 1836 clystere
751 1753 944 1816 deducendus
967 1756 1033 1815 erit.

236 1843 324 1905 aliud.
361 1843 488 1904 hederae
508 1841 589 1904 albae
610 1843 677 1903 folia
700 1845 731 1904 in
750 1861 825 1922 aqua
849 1841 972 1904 decocta
990 1861 1059 1903 cum
1078 1853 1163 1905 aceto

147 1939 177 1991 et
201 1948 322 1990 rosaceo
346 1934 415 1992 trita
439 1940 470 1992 et
491 1949 546 2010 per
568 1929 723 1991 linteolum
746 1923 873 2010 eliquata
893 1940 923 1992 et
945 1931 1034 2010 capiti
1053 1934 1162 2012 supino

147 2017 296 2080 schemate
329 2021 454 2080 iacentis
485 2019 589 2080 infusa
615 2019 804 2102 frequenter,
841 2037 978 2080 somnum
1010 2017 1164 2082 adducunt

107 2106 307 2168 refreneticis.
964 2115 967 2122 '

236 2195 324 2258 aliud.
365 2198 395 2257 in
419 2195 511 2257 calida
535 2205 565 2258 et
588 2195 653 2256 oleo
681 2213 802 2256 rosaceo
832 2204 981 2276 ptygmata
1008 2196 1108 2256 infusa
1132 2205 1163 2258 et

147 2288 280 2364 apposita
313 2305 329 2346 a
362 2294 446 2364 tergo
479 2287 558 2346 inter
592 2283 727 2363 scapulas
760 2293 790 2344 et
821 2286 951 2365 pectori,
988 2285 1165 2362 frequenter

147 2371 317 2435 humectato
340 2373 475 2455 thorace,
499 2391 636 2433 somnum
660 2373 780 2434 faciunt.

158 2507 161 2516 ’
221 2506 296 2561 tDe
313 2506 417 2562 frenesi
430 2525 461 2577 p.
548 2506 700 2562 erroneus
718 2524 745 2562 e:
766 2505 909 2562 frenetiois
923 2523 954 2576 p.
1041 2513 1165 2577 equam

147 2592 298 2632 encauseos
316 2578 342 2633 d.
363 2595 405 2647 ep.
477 2578 612 2636 violentia
626 2595 657 2646 p.
731 2585 747 2634 6
766 2583 800 2634 cir
819 2577 939 2633 intenlio
959 2594 981 2646 c,
1001 2579 1164 2648 fitensiop

146 2646 193 2714 (cf.
214 2647 285 2702 caet.
304 2649 376 2704 Aur.
395 2665 439 2705 oc.
458 2651 491 2717 1,
511 2653 568 2718 36).
663 2649 809 2705 lucubrato
825 2664 860 2718 p:
881 2654 893 2702 i
913 2649 1027 2704 brechio
1046 2667 1069 2704 c.
1144 2655 1160 2704 t

144 2734 285 2791 microsfia
298 2754 320 2808 o,
339 2721 435 2810 milche
451 2754 478 2808 p.
551 2741 568 2792 8
582 2737 715 2792 docorum
729 2735 844 2792 abiectio
858 2753 880 2804 e,
898 2736 998 2792 florum
1014 2737 1117 2793 electio
1127 2754 1159 2806 p.

145 2811 161 2860 9
180 2807 314 2876 patientis
335 2825 357 2864 e.
466 2811 589 2864 atratere
613 2825 638 2874 c,
663 2808 822 2863 adtrectare
843 2825 874 2877 p.
982 2807 1114 2862 videntur
1129 2825 1162 2877 p.

146 2883 179 2932 10
197 2895 213 2933 e
231 2895 257 2935 c:
276 2896 364 2950 om.p
383 2884 411 2950 (e
424 2881 488 2937 add.
497 2883 552 2951 11⁰).
625 2877 779 2961 cerfologia
797 2895 820 2944 c,
840 2894 921 2933 -am
935 2894 967 2946 p.
1041 2885 1073 2932 11
1093 2895 1160 2934 cum

143 2964 194 3004 om.
213 2967 254 3020 cp.
361 2951 544 3007 freneticatur
562 2967 588 3019 e,
606 2948 773 3005 frenetidrct
786 2965 817 3018 p.
922 2953 955 3002 12
975 2965 1041 3004 vero
1059 2965 1113 3003 om.
1127 2967 1160 3019 p.

146 3024 178 3072 13
193 3021 324 3090 spondilii
333 3039 356 3089 o,
370 3022 573 3092 apenditiorum
582 3037 612 3090 p.
679 3026 713 3075 14
722 3019 924 3076 scarificatione
933 3019 1068 3088 (—iicone
1078 3021 1104 3089 c)
1115 3036 1157 3090 ep.

145 3095 178 3144 1⁶
196 3094 330 3160 protenso
345 3109 376 3176 .⁰²
394 3109 507 3162 proraso
521 3110 551 3162 p.
625 3089 760 3146 exicidino
779 3107 803 3156 c,
821 3090 949 3147 exirodi‘n
962 3106 992 3158 p.
1039 3161 1045 3173 ι
1065 3092 1161 3174 operis

144 3165 469 3313 allucens
484 3165 774 3315 aarum
792 3164 924 3287 mu
942 3161 1118 3290 ,cerer
1127 3178 1163 3302 t·

143 3319 171 3356 m
191 3303 271 3358 aceto
290 3304 320 3358 et
337 3320 400 3358 oum
419 3323 441 3360 r,
460 3320 483 3362 e.
558 3309 590 3360 19
608 3305 713 3359 1eoent1
726 3319 768 3372 cp.
840 3319 1000 3368 asomnum
1008 3319 1040 3372 p.
1110 3303 1161 3358 ad·

143 3387 222 3444 ducit
240 3393 302 3460 (-‹·=
314 3393 347 3463 p)
366 3410 409 3462 ep.
491 3398 525 3448 at
544 3392 715 3462 priuatae,
736 3407 804 3446 -ca
822 3376 854 3447 c'
923 3396 957 3446 22
976 3391 1098 3460 pectoris
1117 3407 1161 3460 ep.

143 3464 177 3513 23
197 3462 226 3516 et
245 3466 393 3532 (somnum)
413 3480 435 3520 c.
508 3462 577 3532 facit
596 3461 651 3531 (fac
667 3468 698 3532 p)
717 3478 758 3531 cp.
