2588 4028
504 235 748 300 —169-

122 381 268 460 spumatio
302 381 391 440 etiam
423 386 454 440 et
491 377 704 440 insensibilitas
736 386 767 438 et
799 377 974 441 tenebratio.
1024 383 1056 442 in
1088 381 1136 442 his

121 466 278 529 cerebrum
306 469 420 548 patitur
447 476 478 528 et
506 469 603 528 omnis
630 468 794 528 nervositas
818 485 834 527 a
857 467 981 530 cerebro
1012 469 1134 532 descen·

118 555 192 616 dens
221 554 277 616 snb
306 555 519 618 melancholico
548 555 673 616 humore
701 562 732 616 et
758 555 867 635 frigido
896 556 1041 636 flegmate.
1085 558 1134 618 ali·

118 642 237 722 qnando
262 662 279 704 a
302 643 454 705 stomacho
477 646 640 724 patiuntur.
678 654 724 704 est
743 646 822 704 enim
841 645 1011 708 stomachus
1033 646 1136 708 multis

117 733 222 794 nervis
246 731 438 794 sensibilibus
460 731 628 812 perplexus.
665 739 696 792 et
718 734 744 792 si
766 733 858 814 forte,
880 741 915 794 ut
938 733 1012 814 dixi,
1036 753 1052 794 a
1076 743 1164 796 sto-e

118 819 225 881 macho
249 823 348 900 passio
371 821 462 882 luerit
480 831 547 882 nata
567 827 597 880 et
619 819 776 882 cerebrum
798 823 933 904 petierit,
956 824 1136 885 accessionis

117 918 257 988 tempore
285 909 427 970 fantasiae
454 909 549 970 oeulis
578 909 763 989 efficiuntur,
791 917 826 969 ut
853 907 912 970 illis
942 910 1051 990 quibus
1074 911 1135 972 sui-

117 997 199 1058 susio
222 999 378 1058 imminere
402 997 578 1060 ostenditur.
615 1000 704 1058 etiam
727 1005 757 1058 et
779 1015 871 1076 vapor
894 998 1014 1078 qnidam
1036 1002 1068 1060 in
1092 1001 1136 1060 eis

2 1115 3 1152 ι
117 1083 157 1146 ab
184 1085 327 1146 interiore
356 1088 467 1146 ventris
493 1094 579 1166 parte
603 1086 831 1166 superfertur,
857 1104 917 1166 quo
945 1104 1053 1168 vapore
1082 1090 1135 1148 mi-

117 1175 209 1252 ninga
244 1172 360 1252 pulsata
397 1177 581 1257 concutitur,
618 1182 649 1236 et
685 1173 803 1234 eadunt.
854 1173 1032 1254 aliquotiens
1063 1193 1135 1238 vcro
1149 1191 1176 1229 1⁰

117 1260 176 1322 sub
207 1259 420 1322 melancholico
451 1263 577 1324 humore
610 1261 779 1324 laborantes
812 1261 932 1324 difficile
964 1264 1075 1326 cadunt
1106 1271 1136 1324 et

15 1373 17 1378 ·
116 1351 211 1410 ieiuni
238 1349 344 1429 flegma
372 1349 564 1412 subamarum
591 1359 621 1412 et
648 1369 823 1430 spumosum
845 1353 878 1412 in
909 1351 1045 1414 lancibus
1068 1370 1135 1412 sen-

117 1439 208 1500 tiunt.
249 1437 405 1517 aliquando
429 1447 459 1500 ct
482 1439 565 1500 cibos
587 1457 647 1499 non
678 1438 831 1520 digerunt,
859 1437 912 1500 sed
935 1440 1045 1502 crudos
1067 1447 1137 1520 post

118 1544 224 1587 cenam
247 1528 396 1587 emittunt.
434 1534 464 1587 et
487 1535 532 1587 est
556 1526 679 1586 molesta
702 1528 800 1606 passio
823 1529 948 1604 maxime
972 1527 1136 1590 infantibus

117 1614 303 1676 brevissimis
336 1622 367 1675 ct
397 1613 529 1676 novellae
562 1616 666 1676 aetatis
697 1615 810 1694 pueris.
860 1615 894 1674 fit
925 1615 972 1676 vel
1003 1619 1136 1678 nascitur
1150 1629 1177 1670 1⁵

118 1705 368 1785 omnitempore,
391 1703 445 1764 sed
463 1701 531 1782 plus
549 1721 642 1764 verno
661 1702 852 1782 frequentare
871 1704 1061 1764 manifestum
1081 1712 1136 1764 est.

209 1793 240 1852 in
269 1791 474 1852 curationibus
501 1799 602 1853 autem
628 1793 659 1852 in
686 1793 791 1870 primis
815 1809 831 1852 a
856 1798 941 1870 tergo
970 1793 1050 1853 inter
1073 1810 1135 1854 sca·

117 1879 206 1962 pulas
234 1881 313 1942 circa
332 1879 477 1960 'spondyli
504 1879 603 1942 locum
630 1878 859 1960 praevaporabi's
882 1882 1014 1960 spongiis
1043 1881 1136 1942 calida

118 1986 197 2048 aqua
225 1970 382 2048 expressis.
423 1976 475 2030 aut
503 1967 643 2030 cantabro
671 1971 703 2028 in
732 1967 853 2028 linteolo
876 1967 965 2048 ligato
989 1979 1020 2030 et
1042 1969 1136 2030 calida

119 2056 275 2118 ebullienti
302 2057 401 2118 inluso
429 2065 460 2118 et
487 2075 629 2136 expresso
659 2055 827 2137 vaporabis‚
857 2064 888 2117 et
915 2059 959 2118 sic
982 2057 1136 2118 scarilabis
1151 2075 1177 2114 ro

119 2154 153 2206 et
182 2163 238 2224 per
270 2144 442 2206 cucurbitae
475 2153 593 2224 raptum
629 2151 848 2223 competentem
880 2147 1054 2222 sanguinem
1086 2146 1137 2206 de·

2 2223 3 2246 ¹
119 2233 230 2294 trahes.
273 2235 361 2294 ctiam
385 2241 416 2293 et
439 2233 604 2313 stomacho,
633 2230 684 2292 ubi
711 2232 826 2291 serrum
854 2234 973 2310 operari
995 2250 1056 2292 non
1085 2251 1136 2312 po·

119 2324 206 2403 terit,
234 2323 428 2400 sanguisugas
456 2339 587 2400 appones
615 2317 719 2380 eodem
744 2318 831 2378 modo
861 2337 920 2397 quo
944 2321 1083 2399 superius
1106 2322 1137 2380 in

119 2416 306 2490 empvemate
331 2411 572 2488 conscripsimus.
609 2415 730 2488 etpost
753 2405 966 2468 detractionem
985 2410 1137 2489 sanguinis

194 2544 284 2599 1hiis
302 2560 324 2598 c.
412 2550 533 2598 tecm.
553 2559 574 2598 c.
656 2541 849 2598 descendentis
868 2558 889 2598 c.
975 2543 1086 2598 henim
1101 2561 1136 2614 p:

2 2663 3 2676 ,
119 2617 216 2672 autem
235 2632 256 2670 c.
330 2615 482 2685 bpplexus
496 2631 531 2684 p,
550 2614 638 2698 pollex)
658 2631 679 2669 c.
754 2611 883 2684 tipassio
904 2631 930 2670 c:
950 2631 1000 2670 cm.
1016 2631 1047 2684 p.
1121 2621 1136 2670 't

120 2685 198 2742 oculi
217 2703 238 2741 c.
311 2685 437 2740 efficiunt
446 2703 476 2755 p.
549 2685 651 2740 minero
666 2702 688 2740 c.
775 2684 924 2740 8iminere
933 2702 965 2753 p,
983 2691 1099 2740 imiore
1114 2701 1136 2740 c.

21 2790 26 2798 ·
119 2757 152 2811 in
171 2773 220 2812 om.
241 2773 262 2812 c.
337 2756 498 2813 tintcriori
517 2773 539 2811 c.
612 2756 784 2826 superfertur
798 2753 875 2823 (feu)
891 2771 917 2809 c:
935 2757 1097 2823 frequenter
1106 2770 1136 2823 12.

119 2844 249 2914 mininge
263 2861 289 2901 c:
303 2850 419 2916 imrriga
428 2863 458 2915 p.
534 2851 566 2900 10
585 2845 743 2900 concutitur
757 2859 783 2898 c:
803 2819 905 2898 ⁰bcr⁴rnt
920 2841 1096 2910 (-cu1ritu1)
1106 2858 1137 2912 p.

120 2915 274 2985 aliquando
294 2917 354 2986 (om.
369 2919 445 2985 vero)
461 2933 482 2971 c.
558 2920 590 2969 12
604 2915 708 2984 flegme
721 2929 810 2968 coac
882 2912 1095 2981 subspumosnm
1106 2930 1137 2982 p.

122 2993 157 3042 13
176 2987 253 3042 cibos
277 3004 303 3043 c:
329 2987 462 3042 carbones
481 2987 546 3054 (pro
569 2985 676 3053 carnes)
697 3001 728 3053 p.
838 2987 872 3036 14
890 2983 1026 3038 emittunt
1044 2998 1095 3038 orn.
1115 3001 1137 3040 c.

120 3059 150 3113 in
170 3056 219 3112 inf.
234 3075 266 3128 p.
358 3062 391 3111 15
409 3053 581 3111 brevissimis
600 3071 626 3110 c:
649 3052 776 3124 parvulis
789 3069 819 3122 p.
912 3059 944 3109 ta
963 3070 1049 3116 verno
1066 3055 1137 3110 tem·

120 3145 189 3199 pore
214 3145 235 3184 c.
327 3132 361 3182 18
384 3127 459 3182 circa
481 3143 531 3182 om.
557 3143 578 3180 c.
669 3123 803 3194 spondilii
826 3140 853 3191 c,
881 3123 1082 3194 spondiliorum
1105 3143 1137 3198 p.

120 3199 316 3270 prevaporatis
333 3216 366 3266 p,
387 3197 477 3253 -tins
496 3215 519 3254 c.
592 3195 691 3250 calidis
709 3211 783 3264 aqna
801 3211 829 3263 c,
852 3212 885 3252 cx
909 3195 1002 3252 calida
1019 3214 1093 3268 aqua
1106 3215 1137 3266 p.

123 3276 156 3326 19
177 3269 267 3326 calide
285 3267 417 3324 bullienti
430 3286 466 3338 p,
491 3267 581 3324 calide
605 3267 754 3322 ebulientis
778 3283 800 3323 c.
892 3274 926 3324 20
948 3267 1065 3323 infundo
1092 3285 1137 3322 ea-

120 3358 218 3412 presso
233 3357 254 3398 c.
328 3338 496 3395 scarificabis
512 3355 552 3408 cp.
625 3343 658 3392 21
673 3355 724 3408 per
738 3355 764 3394 c:
783 3339 849 3410 post
858 3356 889 3408 p.
962 3339 1139 3410 competente

122 3410 236 3481 sangnis
250 3428 300 3536 c,te
297 3412 489 3480 competenter
503 3408 666 3480 sanguinem
676 3427 710 3484 p„
781 3415 814 3464 23
832 3425 957 3480 apponas
976 3426 998 3477 c,
1018 3410 1097 3463 -nis
1107 3425 1138 3478 p.

122 3488 158 3536 24
177 3483 271 3554 epima
315 3498 345 3550 p.
599 3510 601 3512 v
