2588 4028
515 232 754 310 -141r

123 377 293 456 paralyticis
308 377 439 456 noxium,
458 374 638 435 observabis.
667 374 810 436 solatione
833 393 903 436 vero
925 378 1029 456 uteris,
1050 394 1139 454 quam

22 477 29 488 ⁸
124 465 231 526 eliosin
251 465 366 543 dicunt,
391 473 421 524 et
439 465 592 542 gymnasio
615 462 644 523 id
664 471 710 523 est
728 465 878 542 exercitio,
897 471 927 524 et
946 465 1139 544 sinapismum

120 561 155 614 et
178 553 338 632 dropacem
361 561 392 612 et
414 551 630 632 drimylagiam,
653 553 752 612 omnia
776 550 887 630 cyclioo
909 551 997 612 modo
1021 551 1139 612 adhibe·

122 639 180 722 bis,
201 644 291 702 sicuti
310 642 448 719 superius
466 643 498 700 in
521 641 658 719 passione
673 641 778 718 capitis
792 639 959 700 scribentes
975 641 1140 702 docuimus.

122 737 155 790 et
183 732 209 790 si
237 731 347 790 nimius
374 728 467 789 rubor
495 731 526 788 in
553 728 635 789 vultu
664 729 848 809 apparuerit,
875 736 906 788 et
936 731 1166 808 purgatorium⁵

122 817 321 896 cholagogum
340 815 431 898 dabis,
450 819 476 876 si
495 825 593 878 tamen
612 817 714 876 senilis
728 825 809 878 aetas
823 818 944 878 minime
962 816 1139 896 impedierit.

439 975 495 1036 LV.
532 975 582 1036 dd
605 983 824 1055 quartanam.

214 1099 343 1178 Simplex
375 1107 516 1178 quartana
544 1101 642 1179 typice
669 1099 855 1160 ordinatione
882 1102 978 1180 prima
1005 1099 1053 1158 die
1076 1115 1138 1158 mo·
1252 1161 1256 1171 ,

122 1196 211 1249 vetur
230 1195 261 1248 et
282 1187 373 1249 biduo
396 1189 574 1267 interposito
598 1197 703 1266 quarta
726 1188 773 1248 die
793 1189 982 1249 reformatur.
1020 1189 1138 1248 sivero

123 1275 242 1338 duobus
270 1275 374 1337 diebus
401 1279 464 1356 typi
491 1277 618 1336 sormam
646 1277 824 1356 ostenderit,
851 1276 882 1336 id
909 1283 1013 1337 estut
1039 1277 1138 1353 ipsum
1154 1288 1179 1327 ιο

123 1364 248 1425 biduum
279 1367 374 1444 prima
402 1364 450 1424 die
478 1383 547 1426 cum
574 1364 658 1424 lehre
687 1365 749 1425 sola
777 1365 924 1426 efficiatur
951 1372 991 1424 et
1009 1362 1140 1422 secunda

124 1453 171 1514 die
199 1461 268 1533 post
290 1455 517 1532 exagitationem
544 1453 666 1530 frigoris
689 1455 819 1513 accessio
843 1453 972 1513 febrium
991 1458 1139 1530 nascatur,

123 1550 154 1602 et
174 1559 232 1602 nna
251 1542 298 1602 die
316 1543 491 1620 interposita
511 1547 618 1618 quarta
636 1539 684 1600 die
703 1541 896 1620 reformetur,
919 1539 1029 1618 duplex
1049 1556 1138 1617 quar-

123 1638 191 1690 tana
219 1630 395 1690 ostenditur.
437 1631 463 1689 si
489 1646 561 1688 vero
588 1646 643 1707 per
670 1631 769 1707 ipsum
796 1628 920 1688 biduum
949 1629 1027 1688 inter
1050 1626 1139 1686 boras

123 1718 246 1778 diurnas
270 1727 301 1778 et
325 1726 487 1778 nocturnas
505 1718 596 1777 tertio
619 1718 820 1776 accessionem
839 1717 967 1795 typicam
990 1715 1179 1774 senserint15

122 1814 325 1885 aegrotantes,
353 1825 412 1867 una
440 1806 488 1866 die
512 1807 590 1866 siout
613 1823 703 1885 supra
727 1805 788 1865 dixi
809 1805 936 1865 leviores
958 1801 1086 1863 habeant
1109 1809 1139 1862 et

122 1903 228 1974 quarta
251 1895 299 1956 die
322 1896 537 1968 reformentur,
564 1900 627 1954 tres
651 1902 812 1972 quartanae
836 1911 902 1954 esse
926 1891 1138 1970 significantur.

121 1990 153 2044 et
176 1985 310 2044 nascitur
333 2002 369 2044 ex
392 1981 605 2044 melancholico
629 1981 764 2042 humore.

212 2075 244 2132 in
263 2071 466 2132 curationibus
485 2088 555 2130 vero
579 2073 784 2149 quartanarius
803 2070 839 2130 ab
862 2072 927 2148 ipso
946 2070 1031 2128 initio
1051 2085 1138 2146 opor·

123 2169 168 2222 tet
191 2160 382 2221 mediocriter
401 2167 430 2220 et
449 2161 520 2218 mite
539 2157 643 2218 baberi
661 2165 691 2218 et
710 2177 807 2236 neque
826 2160 870 2217 eis
889 2157 1138 2216 medicamentum
1152 2171 1179 2210 eo

197 2355 211 2402 1
232 2347 406 2404 Solidatione
425 2363 466 2416 cp.
540 2351 556 2400 2
575 2343 714 2414 gimnasio
731 2345 779 2400 vel
797 2343 931 2399 exercitiis
949 2359 976 2410 c,
995 2329 1095 2413 giffsiis
1120 2340 1137 2396 i.

122 2419 265 2476 exercitiis
284 2435 315 2488 p.
406 2415 559 2487 sinapismo
583 2417 612 2470 et
634 2417 754 2485 dropace
773 2417 803 2470 et
825 2411 987 2483 drimifagie
1000 2431 1031 2482 p.
1122 2417 1138 2465 3

121 2499 171 2546 oie
191 2489 300 2545 cidieca
317 2495 364 2543 md
381 2505 403 2558 c,
423 2494 471 2544 oin
489 2487 578 2542 eidioo
596 2481 626 2542 1‘1’1
641 2488 744 2556 (moico
762 2491 826 2542 oete
845 2485 926 2554 coer.)
939 2501 970 2554 p.
1043 2485 1072 2540 et
1089 2483 1139 2538 ad·

121 2559 233 2617 hibebis
247 2578 278 2630 p.
368 2557 488 2614 tsiouti
506 2575 557 2614 om.
576 2575 598 2614 c.
689 2559 841 2614 scribentes
860 2574 910 2612 om.
925 2573 956 2625 p.
1029 2555 1138 2611 boole-

121 2649 228 2704 gogum
237 2649 274 2700 p:
294 2631 474 2699 coagulatum
488 2647 510 2686 e.
583 2628 680 2684 senilis
689 2647 724 2698 p:
743 2629 851 2684 iuvenis
864 2644 886 2684 c.
960 2627 1036 2681 tDe
1050 2624 1140 2695 tipice

120 2703 290 2773 passionep
310 2702 365 2772 (Ad
386 2702 478 2770 tipum
503 2699 666 2768 qnmtinum
683 2702 723 2756 sic
740 2701 799 2757 ind.
813 2701 857 2769 p).
965 2696 1089 2766 8tipica
1103 2713 1138 2764 p:

119 2773 183 2844 tipo
197 2792 227 2844 p.
302 2772 422 2828 ebiduo
438 2803 471 2812 -
487 2772 532 2826 die
550 2787 601 2826 um.
616 2788 638 2826 c.
711 2771 772 2824 IIII.
788 2771 834 2824 die
843 2787 874 2839 ρ,
949 2773 983 2821 to
999 2768 1138 2835 (formem)

121 2844 279 2900 ostenditur
296 2861 323 2911 o,
346 2843 471 2898 ostendit
493 2847 556 2898 aute
579 2858 649 2896 corr.
666 2859 694 2910 p.
803 2842 836 2894 ut
857 2839 951 2907 ipsum
970 2837 1089 2891 biduum
1102 2853 1138 2904 p:

120 2917 153 2970 ut
170 2933 191 2986 p
208 2919 269 2984 xpm
287 2913 394 2968 iudiciis
413 2931 434 2968 e.
509 2919 541 2968 12
561 2915 627 2981 post
640 2929 663 2967 e.
680 2912 712 2966 fr.
729 2929 755 2966 oz
775 2908 966 2978 exagitatione
984 2905 1097 2976 frigoris
1107 2923 1139 2974 p.

122 2993 156 3040 13
176 2989 207 3042 et
225 3003 280 3040 una
298 2985 344 3039 die
363 2985 395 3052 (l.
410 2984 456 3038 die
470 2985 503 3052 p)
518 3013 552 3022 -
567 2983 623 3051 (16)
639 2983 799 3050 egrotantes
814 2997 864 3035 oen.
879 2996 902 3034 c.
973 2978 1035 3033 1111.
1050 2977 1095 3032 die
1107 2995 1137 3046 p.

119 3058 165 3112 bic
181 3063 277 3113 uotum
294 3057 373 3110 babet
387 3061 422 3124 1³⁰
439 3056 472 3108 in
489 3069 576 3124 marg.
595 3053 693 3121 „Idem
710 3051 741 3106 in
758 3048 983 3122 passi<onario>.
1020 3048 1054 3102 de
1068 3065 1138 3118 pery

119 3128 207 3184 febre.
235 3128 309 3182 Nam
329 3124 491 3182 cotidieni“.
580 3129 612 3178 15
632 3123 778 3177 diutrnnes
792 3139 824 3191 p.
906 3119 1139 3190 senseriacum·

119 3200 221 3254 iterum
234 3205 271 3268 120
293 3199 324 3251 in
346 3213 433 3265 marg.
457 3195 552 3264 „Idem
574 3197 653 3264 ipa⁸
672 3225 705 3234 -
724 3195 743 3248 i.
762 3210 783 3248 e.
806 3193 836 3246 in
858 3190 1031 3262 passionario
1051 3191 1138 3244 -de

120 3270 221 3326 eodem
240 3287 263 3324 c.
284 3267 339 3334 Qui
356 3268 462 3336 vero“).
536 3272 644 3320 Ituna
663 3265 708 3320 die
726 3281 752 3333 e,
771 3264 793 3320 I.
813 3263 858 3319 die
872 3280 903 3334 p.
976 3261 1095 3316 diximm
1115 3277 1136 3315 c.

120 3341 234 3396 leviore·
247 3357 275 3407 c,
293 3339 415 3394 leniores
428 3355 459 3407 p.
553 3342 584 3391 17
603 3335 769 3392 reformetur
782 3352 818 3405 p,
843 3333 972 3388 -matur
990 3351 1011 3388 c.
1104 3337 1136 3384 19

120 3411 333 3480 quartaniorum
348 3427 379 3479 p.
487 3409 523 3476 cf.
543 3407 639 3462 Galen.
660 3407 724 3476 XI,
748 3411 784 3462 37
802 3423 839 3476 sq.
949 3409 984 3458 20
1004 3401 1086 3456 mitte
1104 3417 1137 3469 ep

120 3482 201 3550 (mite
215 3484 269 3551 φῦ).
