2558 4022
567 234 784 298 „50-

96 407 99 414 ¹
166 381 213 444 his
237 389 267 441 et
289 382 393 442 uteris.
430 381 540 440 etenim
564 387 698 440 tumeres
720 378 829 457 digerit
851 386 882 438 et
904 376 1023 438 sordida
1047 395 1181 456 quaeque
1268 441 1269 446 ,

103 457 106 464 ’
167 470 313 550 depurgat
341 477 371 529 et
398 468 554 528 humorem
582 485 721 546 asperum
748 467 884 528 leniticat.
928 465 1001 526 utile
1026 475 1073 528 est
1095 469 1181 527 etiam

168 567 198 620 et
217 559 264 618 ovi
283 556 383 617 album
401 565 431 616 et
453 565 544 618 tenue
567 556 747 634 tepefactum
765 557 874 634 iugiter
893 555 1061 636 infundere,
1085 563 1116 615 et
1138 555 1181 616 lae

167 645 322 708 muliebre.
373 653 418 706 est
449 663 576 722 namque
613 643 710 704 honus
728 693 730 700 .
746 643 853 704 humor
885 643 929 704 lae
964 643 1044 721 qued
1078 642 1181 704 Graeci
1268 653 1269 672 l

141 735 334 814 seuchymen
366 741 482 814 vocant,
509 729 580 811 <et>
607 731 684 792 valet
706 750 723 791 e
747 734 895 792 centrario
920 732 1090 793 acredinem
1114 732 1181 792 mali
1268 783 1269 814 ,

167 823 302 884 humoris
335 821 507 883 obdulcare:
544 823 588 880 sic
620 822 718 880 emnia
755 823 904 882 contraria
936 823 1094 880 contrariis
1126 819 1181 880 sihi

167 911 259 972 rehus
283 919 434 972 curantur.
476 908 528 970 sed
553 917 670 988 oportet
700 911 795 988 prime
820 911 884 968 sine
907 908 966 969 ulla
988 911 1180 988 oppressione

167 1001 336 1079 egestiones
373 1001 434 1058 sire
470 999 592 1076 pituitas
630 997 798 1076 mederum,
839 1015 912 1075 quas
950 996 1055 1058 Graeci
1091 997 1182 1058 lenas

168 1095 288 1167 vocant,
316 1085 396 1148 melli
425 1085 563 1166 penicillo
587 1085 743 1147 detrahere
768 1104 803 1146 ex
827 1103 902 1164 aqua
925 1085 1019 1146 calida
1042 1103 1181 1164 expresse

129 1191 155 1232 ae
168 1185 200 1236 et
227 1175 385 1254 diligenter
411 1193 562 1254 vaporare.
601 1183 634 1236 et
657 1176 683 1234 si
706 1192 775 1234 eum
798 1173 936 1234 omnihus
964 1174 1056 1234 fuerit
1078 1175 1182 1252 capitis

168 1263 309 1344 gravedo,
332 1263 518 1324 cucurbitam
542 1265 679 1342 occipitio
702 1279 842 1341 praeraso
866 1263 959 1341 figens
978 1261 1076 1322 addita
1095 1264 1182 1322 scari-

167 1352 278 1412 ietione
303 1358 522 1429 competentem
544 1353 719 1430 sanguinem
742 1350 889 1411 detrahes.

258 1439 435 1518 cataplasma
457 1440 570 1500 iaciens
589 1439 624 1498 ad
642 1445 792 1500 tumorem
811 1439 966 1500 oculorum
984 1447 1017 1500 et
1036 1437 1183 1498 ehemosis

169 1536 200 1588 et
227 1529 385 1607 proptosis.
423 1528 588 1608 appehatur
611 1535 711 1588 autem
734 1527 882 1590 chemosis
905 1529 1043 1606 quotiens
1066 1528 1098 1587 in
1120 1528 1184 1606 ipsa

130 1632 156 1673 15
170 1616 318 1678 ceratoide
342 1619 443 1678 tunica
466 1619 637 1696 apparuerit
659 1615 845 1678 rubicundus
864 1623 895 1676 et
914 1633 1058 1676 carnosus
1076 1621 1185 1694 tumor,

170 1707 321 1786 proptosis
347 1723 418 1766 vere
442 1714 488 1766 est
510 1705 665 1766 oeulmum
689 1723 726 1766 ex
749 1707 840 1764 nimie
867 1712 985 1765 tumere
1012 1705 1187 1782 prominens

171 1812 271 1875 casus,
304 1800 337 1854 ut
371 1796 459 1854 ctiam
492 1793 611 1854 difficile
642 1791 791 1872 palpebris
824 1800 1029 1872 contegantur.
1079 1793 1186 1871 recipit

170 1891 270 1942 autem
298 1883 425 1942 castorei
453 1889 483 1941 et
511 1883 592 1941 croci
619 1880 658 1942 dr‘
682 1881 826 1958 singulas,
855 1883 915 1960 opii
942 1879 1062 1942 eholum
1092 1897 1187 1942 unum

171 1977 223 2030 aut
249 1968 289 2050 ΙΙ,
312 1987 436 2029 ererum
459 1986 595 2030 asserum
617 1968 715 2030 vitella
738 1967 775 2050 V,
802 1972 887 2048 panis
910 1969 1014 2031 mundi
1041 1970 1188 2030 minarum

130 2074 157 2115 ao
172 2061 198 2114 Ι.
221 2057 269 2118 ΙΙΙ,
297 2075 367 2119 cum
396 2057 518 2119 dulcore
547 2065 577 2118 et
604 2057 720 2118 medico
748 2075 871 2119 rosaceo
900 2057 1020 2137 colliges
1049 2065 1079 2118 et
1109 2064 1187 2118 eata-

170 2145 338 2226 plasmabis.

244 2341 257 2387 1
287 2335 371 2404 digef
394 2334 479 2402 (-rit
506 2337 549 2402 ep)
570 2375 575 2388 .
595 2373 602 2388 .
622 2375 628 2388 .
648 2333 809 2405 depurgant
841 2335 939 2404 (-get
966 2337 1009 2404 cp)
1025 2373 1031 2388 .
1048 2377 1053 2391 .
1070 2377 1076 2390 .
1096 2333 1192 2388 lenifio

109 2447 114 2454 .
172 2405 265 2472 (-eet
283 2407 325 2472 cp)
343 2422 369 2475 9.
470 2403 605 2458 tinfund
621 2421 639 2474 9
657 2406 769 2473 (-dere
788 2407 840 2474 cp).
940 2405 1111 2460 4muliebre
1130 2400 1202 2473 (vel'

170 2474 247 2530 asine
266 2475 330 2531 edd.
350 2491 419 2531 eota.
437 2491 523 2544 more.
539 2476 580 2543 p).
687 2475 776 2530 benus
794 2477 896 2531 humor
912 2477 977 2543 (sic,
1003 2479 1037 2545 ef.
1051 2475 1136 2544 vste.)
1154 2491 1191 2544 9ο

172 2547 213 2612 (et
230 2545 274 2604 lec
292 2563 329 2600 m.
349 2545 424 2628 quod
441 2545 509 2600 beni
521 2545 650 2628 'humoris
670 2547 712 2601 est
732 2547 808 2616 quod
828 2545 874 2606 Gr.
894 2550 953 2616 ete.)
968 2564 1005 2629 9.Ι
1072 2551 1088 2600 6
1108 2545 1189 2628 euxi-

171 2621 656 2756 thelestesfttth..
670 2618 857 2758 oppipapa.
879 2618 1193 2758 attentet

172 2758 250 2840 lenas
273 2775 296 2827 p
321 2759 365 2828 (cf.
393 2758 488 2813 Simon
511 2757 578 2840 Jee.
604 2773 625 2811 s.
645 2741 737 2827 lema,
759 2759 841 2826 lemi,
864 2760 962 2828 lenes).
1072 2763 1105 2812 10
1128 2763 1193 2812 moia

173 2828 286 2902 om<1s>
303 2845 321 2900 9
340 2829 375 2898 (si
394 2845 458 2884 eum
477 2829 604 2884 omnibus
623 2832 676 2898 ep).
776 2836 807 2884 11
829 2830 951 2900 occipito
969 2847 994 2900 9.
1089 2829 1192 2898 figens:

172 2902 241 2971 figes
263 2917 312 2970 99,
335 2901 390 2972 fige
414 2917 436 2956 e.
544 2902 574 2954 et
592 2899 690 2956 addita
703 2917 734 2969 9.
839 2900 1021 2956 scerifaciene
1039 2916 1069 2969 9ι
1090 2899 1193 2954 -fies-

173 2973 250 3026 tione
269 2989 311 3040 cp.
420 2978 453 3028 13
471 2971 516 3028 fad
532 2987 562 3042 9ι
585 2970 672 3026 facies
692 2989 733 3041 ep.
842 2975 981 3027 tumorem
994 2987 1024 3040 p:
1049 2987 1129 3026 —res
1148 2986 1193 3038 ep.

173 3043 310 3096 chemosia
328 3058 358 3111 9:
380 3042 497 3100 temesis
516 3059 541 3110 e,
560 3041 702 3098 themesio
715 3060 746 3113 9.
839 3049 872 3098 14
890 3041 1054 3113 prepthesis
1068 3057 1099 3111 9,
1114 3057 1194 3110 9το-

172 3111 262 3166 thesis
281 3127 307 3179 e,
326 3114 451 3181 protosin
465 3130 495 3182 9.
569 3113 707 3169 ehemosis
725 3131 770 3184 99,
790 3113 925 3168 themesis
944 3129 965 3168 c.
1017 3117 1073 3166 ·1e
1093 3113 1196 3166 cerato
1268 3133 1269 3168 3

172 3181 205 3238 ld
230 3181 313 3236 unica
327 3187 380 3264 ·(=
403 3183 666 3253 ceratoidestunica)
689 3201 721 3254 9,
747 3187 840 3240 cereto
864 3185 891 3238 .i.
909 3184 1007 3240 tunice
1030 3182 1195 3252 e(oheme-

162 3252 306 3320 ,eoiserate
325 3271 342 3307 r.
362 3253 458 3308 tunice
476 3269 572 3322 appar.
587 3257 628 3323 9).
729 3262 761 3310 16
779 3255 943 3325 Prepthosis
961 3271 986 3324 9,
1005 3253 1149 3324 prothesis
1171 3269 1196 3321 e,
1268 3305 1269 3316 ,

173 3323 294 3394 protosis
309 3340 340 3394 9.
449 3330 481 3378 17
506 3321 658 3386 difficulter
679 3341 701 3382 e.
809 3325 866 3380 ees
883 3329 978 3380 eutem
995 3341 1025 3394 e:
1049 3323 1150 3391 Ithee
1172 3340 1197 3390 e,

173 3415 243 3482 Rp.
345 3416 377 3467 18
396 3412 515 3468 castorei
535 3402 567 3468 d'c
585 3419 629 3468 ad.
647 3418 666 3476 3
684 3413 697 3466 Ι
711 3429 740 3482 9.
850 3413 1197 3482 201211192311101).
1268 3425 1269 3452 l

175 3482 260 3552 collis}
277 3498 296 3554 9
314 3483 395 3553 (-ge
415 3501 437 3553 o,
457 3485 535 3554 —gis
550 3485 593 3554 p).
1268 3479 1269 3502 ¹
