2558 4022
497 236 714 301 „gp-

97 398 169 441 vero
193 381 355 440 curationis
379 387 500 460 oportet
521 379 721 459 leptospethio
743 380 924 443 ferramento
947 380 1049 442 licinio
1071 382 1117 444 in·

96 468 198 530 veluto
226 476 256 529 et
284 475 365 530 moto
393 467 460 528 tilto
487 467 594 528 blande
623 467 743 530 desecta
774 469 943 549 detergere,
977 477 1008 530 et
1036 476 1116 550 post·

96 574 187 636 mam
210 556 387 637 deterseris,
415 557 517 617 vinum
545 555 720 618 calefactum
742 557 931 619 colluendum
960 557 1059 638 debis,
1085 559 1118 618 in

95 663 157 724 quo
186 653 255 705 ante
283 645 375 706 luerit
402 643 525 706 decocta
553 653 647 724 myrte
675 647 754 706 sicca
781 645 921 707 lenticula
949 665 1017 706 rosa
1048 644 1118 708 rubi

94 735 234 795 turiones
261 732 385 813 virides,
415 740 445 792 et
472 735 503 793 in
533 735 597 813 ipsa
629 732 804 796 decoctione
839 733 989 795 modicum
1021 733 1144 796 melliss

93 821 268 902 despumati
294 819 470 901 admixtum,
503 821 582 900 qnod
608 825 705 902 possit
731 821 923 903 putredinem
955 821 1118 902 plurimum

92 909 285 972 invadentem
315 927 374 970 non
402 908 497 970 solum
525 917 630 971 tenere
658 929 762 973 verum
791 913 881 972 etiam
903 927 1042 990 purgare.
1087 918 1119 972 et

93 1006 164 1078 post
183 996 373 1060 collutionem
397 996 556 1060 adhibitam
580 999 627 1060 die
650 998 756 1061 chartu
779 1001 893 1062 siccum
916 999 1116 1060 medicamen·

94 1095 160 1148 tum
184 1103 315 1166 appones
338 1085 444 1146 dicbus
467 1086 640 1170 aliquantis,
662 1089 757 1150 donec
775 1087 903 1169 putredo
929 1089 1116 1166 gingivarum

94 1183 252 1255 purgetur.
289 1181 319 1234 et
342 1192 410 1234 cum
429 1191 461 1234 se
485 1173 593 1236 humor
615 1178 647 1236 in
666 1195 718 1238 ore
741 1177 907 1257 collegerit,
930 1174 1037 1236 blande
1057 1177 1116 1236 erit
1130 1191 1156 1232 ro

95 1261 296 1342 despuendos.
329 1270 359 1324 et
378 1279 447 1324 cum
463 1263 573 1324 videris
592 1267 725 1344 gingivas
743 1264 820 1326 bene
838 1271 989 1344 purgatas,
1008 1263 1114 1344 cepha-

94 1351 153 1412 lico
171 1350 388 1412 medicamento
407 1351 444 1412 ad
467 1354 677 1414 carnositatem
700 1356 795 1415 uteris
818 1358 844 1414 sl
867 1352 945 1413 forte
968 1353 1115 1413 minutam

94 1442 254 1500 inveneris.
299 1438 408 1500 dehinc
443 1442 532 1500 etiarn
563 1444 723 1502 novissime
755 1444 786 1502 in
818 1442 988 1504 cicatricem
1022 1440 1115 1501 duces

95 1531 175 1589 sicco
199 1528 416 1590 medicamento
440 1527 593 1590 diostreon
616 1529 771 1608 appellato.

184 1625 231 1678 est
267 1619 340 1678 item
373 1614 453 1676 aliud
486 1618 587 1676 cancri
618 1617 716 1678 dentis
749 1635 844 1696 genus
871 1615 1017 1676 aetatibus
1045 1615 1112 1677 bre·
1128 1632 1154 1672 rs

93 1707 224 1766 vissimis
246 1706 395 1766 eveniens.
433 1705 560 1784 emergit
583 1715 682 1766 autem
709 1706 789 1766 inter
819 1707 883 1785 ipsa
905 1705 990 1764 initia
1013 1711 1114 1764 tumor

94 1792 215 1872 quidam
251 1795 344 1854 totius
378 1791 512 1854 maxillae
550 1811 617 1854 cum
654 1795 768 1874 ingenti
807 1791 919 1874 pallore
955 1793 1113 1852 ictericum

93 1881 233 1943 morbum
266 1879 436 1961 simulante,
473 1898 542 1942 nam
579 1881 685 1944 Graeci
716 1881 871 1944 icteroden
907 1887 1027 1958 vocant,
1061 1881 1113 1960 qui

94 1973 184 2032 etiarn
218 1978 249 2031 et
285 1969 377 2031 veluti
408 1987 550 2032 venarum
586 1971 709 2033 livorem
745 1974 776 2032 in
809 1979 878 2034 cute
912 1968 1050 2032 ostendat
1081 1977 1113 2031 et

167 2129 181 2176 1
201 2124 328 2192 tempore
341 2127 406 2192 post
424 2121 578 2179 curationis
597 2125 661 2180 odd.
681 2139 727 2192 cp,
751 2125 824 2193 qood
841 2123 928 2178 motet.
1038 2122 1113 2176 lecto

94 2194 190 2263 spacio
210 2209 234 2260 c,
252 2193 327 2248 lecto
346 2195 427 2263 spate
441 2209 472 2262 p.
563 2191 668 2248 lucinio
688 2195 748 2263 (sic)
768 2209 810 2262 cp.
900 2193 1016 2246 timeto
1034 2191 1113 2246 tulto:

93 2265 162 2320 meli
180 2263 271 2319 tincto
290 2280 313 2333 c,
330 2263 412 2319 molli
429 2263 519 2328 moto
532 2265 614 2333 (corr.
632 2266 665 2319 iot
682 2281 769 2335 morp.
788 2263 807 2318 i.
825 2263 909 2331 ticto)
925 2279 956 2332 p.
1065 2260 1113 2315 de-

94 2338 185 2390 secte:
205 2335 352 2406 desegtere
371 2336 431 2405 (sic)
450 2352 477 2406 c,
496 2351 547 2390 om.
561 2351 593 2406 p.
666 2340 682 2388 3
702 2351 728 2389 v.
749 2333 870 2388 calidum
891 2349 921 2402 p.
994 2331 1031 2386 ed
1050 2336 1115 2386 octe

93 2407 272 2462 colluendum
295 2407 359 2462 add.
374 2421 405 2474 p.
514 2405 668 2461 tdecocte
688 2421 724 2476 pr
748 2407 828 2460 eocte
846 2420 868 2460 c.
976 2401 1063 2457 mitte
1076 2419 1112 2472 p:

92 2477 179 2532 mirre
198 2493 220 2532 c.
295 2475 485 2546 tdispumeti
503 2494 545 2547 cp.
617 2477 755 2532 admisces
773 2493 801 2544 c,
819 2474 938 2531 amisees
952 2491 983 2544 p.
1056 2489 1112 2543 quo

92 2584 119 2636 p.
140 2581 163 2636 c,
182 2553 202 2635 (ἳ
220 2581 254 2620 ex
271 2583 298 2648 p.
313 2582 344 2635 p.
434 2563 558 2636 plurimi
581 2567 631 2634 (cic
654 2565 727 2635 odo.)
751 2581 791 2636 cp.
883 2563 1112 2620 tinvedentem:

93 2637 228 2692 invadere
247 2636 308 2706 (soc)
327 2652 354 2704 c,
373 2651 424 2690 om.
439 2653 469 2706 p.
559 2637 675 2720 purgari
693 2653 715 2692 c.
807 2642 824 2691 8
843 2634 988 2692 collutiem
1006 2649 1034 2704 c,
1056 2633 1113 2688 col·

92 2708 237 2764 lanionem
255 2707 316 2778 (sic)
329 2724 361 2776 p.
470 2707 600 2764 adhibite
618 2708 678 2776 (sic)
697 2723 723 2764 c:
747 2721 844 2777 om.·p.
953 2704 1113 2760 &scortum

93 2780 184 2850 (-tr'r)
197 2795 238 2848 cp.
312 2783 344 2833 11
360 2777 537 2849 despuendos
552 2796 575 2849 c,
595 2777 655 2832 -d’
676 2776 801 2848 (-dum)
816 2793 846 2846 p.
920 2773 1066 2855 cephplico
1075 2790 1112 2843 p:

91 2849 213 2905 focelicir
232 2865 253 2904 c.
345 2854 378 2904 12
397 2849 434 2904 sd
453 2865 503 2905 om.
522 2867 564 2920 op.
656 2849 681 2904 si
703 2849 776 2904 forte
796 2849 856 2917 (sic)
878 2846 1018 2901 invenens
1038 2859 1065 2911 c,
1088 2843 1113 2898 si

92 2921 166 2976 forte
184 2919 295 2976 minute
311 2919 398 2976 luerit
406 2937 430 2990 p
444 2921 490 2991 (cf.
505 2921 568 2978 Gal.
587 2921 626 2989 X,
645 2924 719 2989 446).
794 2924 827 2972 13
842 2915 945 2998 dehinc
958 2930 986 2968 c:
1005 2913 1071 2968 hinc
1080 2931 1111 2984 p.

93 2992 248 3048 novissimo
267 3007 309 3061 cp.
398 2990 429 3045 in
454 3005 504 3046 oon.
524 3008 546 3048 c.
637 2990 717 3044 ducis
736 3005 776 3058 cp.
870 2993 903 3042 14
922 3001 996 3042 stcco
1015 3001 1065 3040 om.
1080 3002 1112 3056 p.

92 3080 221 3136 diostren
244 3097 271 3147 e,
294 3071 423 3137 dioste'on
438 3097 468 3150 p.
578 3083 611 3134 tt
635 3079 679 3134 est
696 3094 746 3133 orn.
761 3094 792 3147 p.
900 3073 992 3132 dentis
1014 3091 1065 3131 om.
1080 3093 1111 3146 p.

99 3203 189 3258 genus
213 3186 336 3242 statibus
359 3185 499 3268 brevissis
518 3185 649 3242 eveniens
672 3201 709 3268 c,
727 3201 815 3256 genus
842 3187 877 3242 et.
901 3203 932 3240 rn
955 3150 1026 3246 ⁰22¹&
1049 3153 1112 3239 l'dlr'r

93 3261 134 3326 (et
151 3257 304 3314 insontium
322 3262 404 3329 corr.)
422 3257 516 3313 brevas
539 3257 623 3313 etatis
646 3273 760 3312 vemens
774 3273 806 3326 p.
916 3261 949 3311 te
971 3259 1066 3312 tumor
1084 3271 1111 3310 c:

91 3347 224 3399 namorp
243 3329 473 3399 (cfip.65,17).
549 3335 581 3384 1‘1
599 3339 704 3398 pauore
722 3344 745 3383 c.
816 3326 931 3382 hret'rco
949 3327 1069 3396 (morbo)
1088 3340 1111 3392 c,

20 3421 30 3438 ·
91 3413 176 3474 hrctr'
200 3417 395 3482 ethictiscum
412 3433 465 3488 pro
483 3416 660 3486 hictericum)
676 3433 706 3486 p.
780 3420 813 3471 te
832 3414 920 3471 etism
939 3417 968 3470 et
986 3431 1012 3471 c:
1032 3418 1066 3469 ei
1079 3429 1111 3482 p.

91 3488 217 3545 ostendit
231 3504 261 3560 p.
913 3571 951 3624 5*
