2588 4028
578 227 821 292 -128-

192 394 340 457 cerussae,
363 376 486 454 acaciae,
505 372 722 453 bypoquistidis
744 373 817 452 suci,
840 372 902 450 pini
921 370 1051 448 corticis,
1074 384 1202 444 murrae,

191 467 269 527 turis
297 463 433 543 maseuli,
460 463 593 523 omnium
620 460 684 520 Vlll
712 462 793 540 paria
822 458 962 538 pondera.
1008 459 1122 518 siecum
1155 473 1202 533 ap·

192 571 285 634 pones
308 552 402 614 levius
426 551 593 612 conlectum
617 548 749 629 praeloto
778 550 843 628 ipso
867 545 1010 626 longaone
1034 546 1102 604 vino
1126 542 1203 602 bono
1282 553 1283 610 j

193 641 369 704 subaustero
393 647 444 701 aut
467 639 583 700 lentisci
605 637 651 697 vel
674 645 786 716 myrtae
810 635 991 696 decoctione.

167 833 179 872 s
483 813 621 874 XLVllll.
662 813 710 872 dd
734 814 916 874 icterices.

281 941 398 1002 leterici
435 938 576 1000 dicuntur
613 931 716 999 morbo
749 937 831 1016 regio
867 934 1044 995 laborantes.
1095 941 1126 992 et
1163 941 1206 992 est

196 1029 337 1090 fortitudo
361 1027 436 1088 lellis
460 1045 529 1088 eum
552 1029 644 1088 totius
668 1027 802 1105 corporis
825 1023 1035 1104 insumptione.
1070 1023 1207 1100 sequitur

195 1124 293 1177 autem
322 1123 458 1194 aegrotos
489 1134 525 1175 ex
555 1115 715 1176 infectione
746 1112 822 1174 fellis
849 1111 943 1192 pallor
974 1111 1110 1189 corporis
1139 1126 1207 1169 eum

196 1206 312 1264 aurium
331 1211 362 1265 et
380 1201 534 1264 oculorum
553 1205 652 1264 crocei
671 1201 716 1263 vel
736 1203 819 1262 aurei
832 1200 940 1262 coloris
960 1200 1092 1259 lantasia.
1128 1195 1207 1258 unde
1282 1273 1283 1278 ἵ

156 1310 181 1349 10
196 1292 232 1354 ab
265 1292 422 1373 aliquantis
454 1289 544 1352 latine
576 1309 689 1370 aurugo
722 1288 894 1370 appellatur.
940 1289 1076 1368 sequitur
1108 1294 1208 1346 autern
1282 1335 1283 1338 ,

195 1383 308 1442 ventris
341 1382 452 1460 egestio
483 1379 615 1460 humida,
647 1381 733 1439 urina
765 1380 854 1439 etiam
886 1376 976 1438 lcllita
1008 1383 1039 1436 et
1073 1377 1208 1454 eorporis

196 1471 339 1548 pruritus.
381 1477 411 1529 et
439 1475 509 1529 sunt
536 1469 727 1528 ictericorum
755 1466 910 1527 distantiae
938 1465 1027 1546 duae,
1056 1482 1113 1524 una
1140 1481 1208 1523 cum

197 1555 353 1632 febricula,
387 1564 417 1618 et
449 1555 612 1638 appellatur
644 1573 660 1616 a
693 1555 813 1617 Graecis
845 1557 940 1615 oxites
972 1553 1002 1613 id
1035 1560 1082 1614 est
1114 1560 1209 1631 acuta,

198 1645 289 1706 altera
313 1648 377 1706 sine
401 1644 483 1706 lebre
510 1645 650 1707 diuturna
673 1663 748 1724 quiae
772 1643 936 1725 appellatur
959 1641 1119 1702 chrenites.
1157 1641 1210 1700 sed

157 1750 183 1791 15
196 1734 246 1795 illa
265 1753 340 1814 quae
360 1753 428 1796 eum
447 1733 589 1794 febricula
609 1734 698 1794 luerit
717 1733 793 1794 iacta
812 1733 907 1793 oxites
924 1749 959 1790 ex
979 1739 1095 1790 tumore
1116 1731 1210 1809 epatis

198 1823 263 1883 lieri
286 1821 466 1902 ostenditur,
490 1821 581 1882 altera
605 1840 674 1882 vero
698 1840 773 1900 quae
797 1823 866 1882 sine
885 1818 968 1880 lebre
992 1827 1038 1878 est
1057 1817 1210 1878 ebronites

197 1928 233 1969 ex
258 1909 333 1970 lellis
356 1909 558 1989 dissolutione.

286 1995 324 2056 ob
348 1997 529 2075 diligentiam
552 2015 622 2057 vero
646 1998 807 2058 curationis
831 2015 896 2058 eam
920 2014 1007 2076 quam
1031 2003 1210 2056 extumere

198 2087 292 2166 epatis
316 2085 380 2146 lieri
403 2083 584 2146 intellexeris
607 2085 775 2146 llebetomia
797 2087 828 2147 in
847 2103 936 2146 manu
960 2083 1064 2144 dextra
1086 2083 1116 2142 in
1136 2101 1212 2144 vena

159 2311 161 2318 ‘
273 2309 471 2379 lipoquialidi
489 2325 504 2364 c
522 2307 726 2380 (ypoquisbidos
740 2310 782 2378 gt).
872 2309 974 2364 mitrae
992 2310 1115 2377 (propter
1133 2305 1212 2374 VHI)

198 2381 297 2435 addidi
315 2397 348 2434 ecc
366 2381 430 2435 Gal.
444 2375 597 2450 (sedeone).
669 2379 804 2434 asiacum
823 2395 945 2450 appones
963 2379 1034 2434 lenis
1053 2377 1214 2432 confectum

198 2451 260 2518 (sic)
279 2467 293 2504 ε
312 2451 416 2520 (ξηροῖς
433 2446 596 2505 canduerre
612 2450 693 2517 Get).
784 2457 800 2504 3
819 2449 909 2506 levius
929 2451 1012 2520 (leibg
1027 2451 1074 2518 pi:
1097 2448 1170 2502 lenis
1190 2465 1214 2503 c.

199 2525 215 2574 5
234 2520 278 2602 Ad
296 2519 453 2602 hyctedcos
472 2536 500 2576 c:
524 2519 617 2575 Iterici
636 2521 767 2576 dicuntur
784 2522 881 2576 morbo
899 2521 977 2590 regio
995 2525 1058 2589 (pro
1076 2519 1166 2586 rubr.)
1180 2535 1212 2588 p.

200 2590 370 2646 6Hrebenei
387 2607 427 2660 ep.
519 2593 547 2646 et
566 2593 609 2647 aab
622 2607 657 2660 p:
679 2593 698 2647 i.
717 2591 757 2661 (id
776 2595 828 2661 est)
848 2609 869 2647 c.
961 2593 1091 2646 8autem
1113 2605 1165 2644 ore.
1181 2606 1214 2658 p.

201 2667 234 2716 10
253 2661 350 2731 eurigo
369 2679 391 2716 e.
482 2663 590 2717 aulem:
617 2663 702 2732 alric
720 2679 775 2732 pro
794 2665 841 2731 air)
856 2679 891 2732 p,
912 2664 941 2717 et
959 2679 981 2717 c.
1073 2667 1105 2714 12
1126 2660 1214 2715 duae:

199 2733 254 2788 ald.
274 2731 336 2788 Get.
355 2733 434 2799 Xlll,
453 2738 504 2788 229
524 2732 612 2803 (XIV,
632 2737 702 2801 735).
803 2740 835 2789 13
854 2751 872 2788 a
889 2732 1032 2804 grecis-
1052 2731 1216 2802 appellatur

199 2820 249 2859 ont.
265 2820 286 2858 c.
359 2803 459 2859 exiles:
473 2806 553 2874 slep.
628 2810 661 2858 14
675 2803 814 2861 croniotes
823 2822 854 2875 p,
869 2803 1048 2875 chronitaltes
1063 2819 1086 2858 c.
1156 2802 1215 2856 Sed

178 2899 223 2948 -et
241 2911 296 2962 que
313 2908 364 2949 om.
384 2909 405 2948 e.
480 2899 512 2948 15
532 2892 620 2948 oxites
640 2909 666 2963 e,
686 2893 764 2948 oxith
778 2911 802 2963 p
820 2896 915 2964 (-ten
933 2909 1020 2962 cupre
1033 2894 1087 2960 pi).
1179 2899 1213 2947 16

200 2964 340 3020 chronites
359 2980 386 3033 c,
410 2965 530 3020 oronites
544 2981 574 3034 p.
686 2971 717 3020 17
732 2971 796 3034 post
814 2963 997 3019 dissolutione
1008 2963 1080 3030 ‚baec
1098 2963 1180 3018 addit
1199 2979 1214 3017 c

199 3036 268 3115 mele
289 3036 469 3104 interpoletur
492 3034 641 3090 Hiotcrieis
663 3035 693 3089 in
716 3035 813 3106 primis
833 3033 1035 3160 ¹grurgaetorium
1058 3031 1119 3087 dari
1148 3049 1215 3088 con-

199 3105 278 3185 ⁸vemt
291 3104 391 3160 deinde
406 3105 607 3162 flebothomare
621 3109 688 3177 post
697 3122 730 3162 ee
745 3106 820 3162 color
836 3105 841 3117 '
856 3105 884 3160 la
899 3105 983 3160 aliter
998 3119 1054 3157 non
1068 3103 1135 3158 colli
1158 3103 1215 3158 ‘tur

200 3191 230 3227 ιιι
249 3191 315 3229 aneo
334 3175 368 3229 de
386 3175 512 3230 radicula
534 3176 695 3246 frequenter
717 3175 748 3230 in
765 3177 866 3232 balneo
884 3193 935 3246 per
952 3175 1101 3243 unguatur.
1154 3175 1215 3229 tem

194 3244 237 3325 ¹ad
260 3243 421 3314 desperatos
443 3245 594 3302 hicterieos
616 3247 715 3303 rauani
737 3265 818 3303 sucus
837 3245 912 3302 sicea
929 3245 1043 3300 bibetur
1061 3261 1125 3300 cure
1145 3262 1215 3314 quo·

201 3319 290 3384 cique
319 3316 388 3385 potu
414 3332 481 3386 pam
513 3334 595 3372 mane
624 3317 741 3375 ieiunus.
787 3317 829 3374 Ob
860 3317 1037 3389 diligentiam
1067 3333 1134 3372 vere
1166 3323 1215 3372 ele.

201 3409 235 3528 ξι)
254 3405 287 3458 de
304 3404 390 3472 tlebot.
409 3403 444 3472 ef.
464 3404 526 3460 Gal.
548 3405 612 3472 XI,
632 3411 678 3462 92.
751 3405 781 3461 in
799 3423 870 3462 vena
889 3421 958 3459 cava
976 3393 1072 3458 mbdie
1089 3421 1115 3458 a.
1135 3420 1216 3459 cura-

220 3493 292 3529 rmus
306 3492 337 3544 p.
