2588 4028
500 221 741 286 -123-

204 364 292 426 aliud.
342 366 471 444 acaciae,
505 367 599 444 croci,
631 383 684 444 ges
716 374 829 428 asteros
860 371 891 430 in
925 371 992 430 rino
1025 371 1127 432 datum

113 452 295 514 coclearium
317 453 339 519 1,
354 452 490 514 similiter
513 451 681 514 abstinebit.

204 540 292 602 aliud.
333 541 519 602 summitates
546 540 615 602 rubi
642 560 716 620 quas
739 543 826 622 vulgo
855 547 989 607 turinnes
1012 556 1127 626 vocant,

112 637 146 690 et
164 647 266 690 murra
285 646 354 690 cum
373 629 485 690 caduco
508 638 645 708 granatae
665 640 696 691 et
717 631 792 710 galla
815 633 982 694 omlacitide
1006 636 1037 694 in
1057 636 1126 695 vino

111 719 243 796 styptica
277 717 365 777 simul
394 716 516 778 decocta
543 725 574 778 et
604 720 635 778 in
662 721 784 798 potione
811 720 878 782 data
906 723 968 782 sive
997 740 1051 801 per
1082 725 1153 783 in·⁵

111 807 243 866 seriores
265 813 365 884 partes
387 805 501 885 podicis
522 807 631 866 iniecta
654 825 769 868 summe
792 809 871 870 iacit.

205 893 292 954 aliud.
328 895 451 972 ptisana·
466 912 535 956 cunr
561 893 737 974 plantaginis
760 914 833 957 suco
861 897 984 958 decocta
1007 907 1038 959 et
1060 899 1126 960 data

7 1021 8 1024 =
110 981 245 1042 abstinet
267 990 414 1062 ventrem,
436 984 543 1044 iniecta
566 991 666 1044 autem
689 983 791 1046 eadem
813 985 939 1065 perlicit.

201 1071 284 1148 potio
306 1069 342 1129 ad
365 1069 572 1150 dysenteriam.
612 1089 680 1133 ossa
700 1071 737 1133 de
760 1072 875 1135 locusta
897 1076 1011 1135 marina
1034 1093 1126 1154 super

112 1156 257 1218 carbones
281 1165 398 1232 exusta,
421 1158 510 1237 galias
532 1159 638 1220 leviter
661 1159 842 1244 subassatas,
865 1180 899 1222 os
922 1165 1020 1242 sepiae
1044 1165 1165 1224 simi-1⁰

111 1246 180 1306 liter
217 1245 417 1326 subassatuna,
455 1265 577 1308 crocum
613 1250 675 1308 sive
712 1249 857 1310 caducum
893 1250 963 1310 mali
998 1254 1123 1330 granati,

111 1334 246 1394 bitumen
264 1334 413 1395 iudaicam
431 1344 482 1396 aut
500 1354 556 1416 pro
575 1335 720 1398 bitumine
737 1341 835 1416 picem
854 1339 972 1418 siccam,
990 1341 1123 1400 omnium

111 1422 135 1479 V
158 1425 239 1502 paria
261 1423 393 1502 pondera
416 1423 573 1502 diligenter
595 1432 676 1484 teres
699 1433 730 1486 et
751 1428 783 1486 in
805 1443 895 1504 posca
917 1425 1011 1487 dabis.

201 1510 279 1573 aliud
307 1511 343 1571 ad
371 1510 578 1590 dysenteriam.
618 1514 766 1574 trociscus
793 1513 841 1573 dia
868 1515 995 1594 symlytu
1023 1515 1121 1594 appel·

110 1600 202 1680 latus,
230 1617 319 1678 quem
348 1599 487 1678 superius
515 1599 551 1659 ad
579 1601 732 1678 sanguinis
758 1602 981 1662 reluctationem
1004 1605 1165 1681 scripsi-15

111 1706 179 1750 mus
207 1696 258 1748 arrt
285 1688 332 1748 dia
359 1686 472 1747 coralin
500 1695 551 1747 arn
578 1695 660 1748 certe
689 1687 736 1748 dia
765 1687 878 1750 electro
906 1697 958 1750 aut
989 1691 1125 1767 trigonus

110 1778 259 1838 trocisens
283 1775 420 1836 similiter
442 1777 473 1836 in
496 1777 618 1854 potione
642 1775 728 1837 datus
750 1777 904 1856 magnifice
929 1785 1080 1857 operatur.

200 1863 288 1925 aliud.
324 1863 369 1924 lac
392 1865 537 1924 asininum
558 1871 609 1926 aut
627 1867 781 1944 caprinum
800 1863 933 1928 schiston
956 1867 1125 1927 confectum

110 1961 141 2014 et
164 1953 266 2014 datum
289 1950 418 2013 abstinet
440 1961 582 2013 ventrem.
620 1953 752 2016 schiston
775 1954 879 2015 dicunt
897 1954 1003 2016 Graeci
1024 1955 1070 2016 lac
1093 1958 1124 2016 in

109 2059 171 2121 quo
198 2040 311 2121 lapides
337 2037 476 2101 liuviales'
501 2043 616 2101 incensi
644 2044 804 2104 mittuntur
831 2045 893 2103 sive
921 2045 1164 2122 extinguamus

200 2129 279 2190 alind
302 2129 338 2188 ad
362 2128 565 2208 dysentericus
589 2135 619 2188 et
641 2129 774 2209 ciliacos,
801 2129 831 2189 id
855 2137 902 2190 est
923 2130 989 2190 illos
1013 2133 1065 2208 qui
1088 2148 1125 2190 ex

110 2219 224 2278 ventris
246 2219 384 2297 passione
407 2216 508 2277 idest
529 2214 712 2277 ulceratione
734 2215 871 2277 similiter
888 2224 923 2277 ut
945 2216 1125 2295 dysenterici

183 2386 305 2442 locucio
315 2403 356 2455 cp.
420 2385 494 2440 croci
509 2387 575 2510 iim
590 2391 624 2441 cir
633 2402 675 2456 cp.
738 2387 862 2456 gestares
873 2403 895 2454 c,
910 2388 1082 2457 gescslereos
1091 2403 1122 2456 p.

109 2459 179 2512 dato
198 2473 224 2512 c:
244 2457 312 2512 dete
326 2473 357 2526 p.
429 2463 514 2512 icoc
534 2475 549 2510 r
566 2457 579 2510 I
597 2474 638 2526 cp.
711 2457 846 2528 svulgns
862 2473 903 2526 cp.
975 2459 1079 2513 vocent
1096 2475 1123 2514 c:

109 2546 156 2602 (1ιὸ
163 2563 194 2616 p.
267 2545 384 2600 lmirra
393 2561 424 2614 p,
444 2543 514 2600 mire
531 2563 552 2600 c.
624 2544 740 2601 condico
755 2563 777 2619 c,
796 2534 889 2616 indico
904 2563 934 2616 p.
1006 2549 1124 2616 grauate

108 2619 174 2685 (sic)
192 2631 226 2685 cp
243 2617 275 2682 (i.
294 2633 315 2670 e.
333 2617 402 2670 mali
420 2616 544 2687 granati,
562 2622 595 2671 at
612 2617 711 2686 infru).
801 2617 894 2688 galles
915 2617 1064 2672 omlatidns
1082 2634 1123 2686 ep.

110 2695 126 2740 5
146 2687 231 2742 simul
256 2687 373 2742 decocta
391 2689 420 2741 et
436 2687 504 2742 data
521 2687 637 2758 potione
650 2705 686 2757 p,
710 2688 734 2742 si
752 2705 854 2757 coques
878 2690 907 2743 et
929 2687 959 2742 in
978 2687 1124 2757 pocionem

109 2759 178 2814 data
192 2774 215 2814 c.
289 2764 398 2812 osume
411 2757 479 2813 lecit
492 2775 514 2827 c,
533 2765 582 2813 sue
595 2757 641 2812 iac
654 2775 683 2827 p.
757 2761 817 2813 ‘let
830 2775 880 2814 om.
890 2774 921 2826 p.
994 2759 1124 2812 sentem

109 2845 136 2883 cz
156 2845 223 2884 vero
240 2844 270 2898 p.
378 2829 487 2894 tiniam
510 2829 590 2896 infra
609 2828 928 2898 saepenominatam
946 2843 987 2895 cp.
1096 2831 1125 2881 et

109 2916 194 2970 snper
212 2915 254 2968 cp.
329 2903 361 2953 10
380 2900 492 2954 exustas
511 2916 532 2954 c.
604 2898 706 2954 leniter
724 2915 765 2967 cp.
847 2904 879 2951 11
900 2901 982 2951 croesi
1001 2912 1027 2966 c,
1047 2901 1079 2951 cc
1092 2914 1124 2966 p.

111 2977 143 3024 12
162 2969 227 3040 pice
245 2967 318 3024 scice
332 2986 354 3026 c.
428 2975 461 3024 13
480 2969 547 3024 Vc:
566 2985 660 3038 emp.
732 2983 1017 3037 poscaczpuseasp.
1091 2973 1126 3022 14

108 3041 146 3095 ad
165 3039 354 3096 dissinteriam
368 3057 404 3110 pr
423 3055 474 3095 orn.
493 3056 514 3094 c.
603 3039 652 3093 dia
665 3037 774 3092 sinfirus
783 3055 815 3108 p,
834 3035 977 3092 dianifibns
995 3054 1017 3093 c.
1091 3044 1124 3093 15

108 3111 237 3193 superius
255 3127 316 3194 cop.
331 3114 377 3166 38.
451 3116 484 3164 16
498 3109 647 3192 discornlll
660 3110 724 3166 cdd.
733 3109 828 3180 plium
846 3125 888 3178 cp.
960 3108 1009 3164 dia
1023 3109 1125 3166 electio

100 3182 214 3308 11111111
226 3181 409 3322 111θὲ111011ΰό
431 3187 558 3322 (σχ11τ6111
574 3182 726 3326 moeno?
747 3179 845 3322 11111118
869 3182 898 3236 et
919 3198 956 3306 pp.
978 3186 1124 3320 1111101111

108 3325 209 3379 Siseon
232 3339 253 3378 c.
361 3323 406 3378 loe
425 3339 460 3392 με
486 3323 528 3377 ite
554 3338 577 3378 c.
683 3327 718 3377 20
741 3323 870 3379 fluviales
886 3339 922 3392 pe
949 3322 1085 3402 duinales·
1101 3337 1124 3378 c.

105 3393 217 3450 incensi
230 3410 265 3463 p:
284 3409 335 3450 om.
354 3411 376 3449 c.
449 3400 482 3448 21
503 3392 616 3448 niliacos
629 3409 656 3448 c:
675 3394 812 3463 quiliacos
824 3411 854 3463 p.
926 3393 945 3474 i.
964 3392 1020 3446 illis
1038 3410 1087 3460 qm
1101 3407 1124 3457 c,

104 3466 124 3522 i.
145 3464 196 3534 qni
210 3482 240 3534 p.
313 3481 347 3519 ex
365 3480 415 3520 om.
434 3481 456 3520 c.
536 3470 570 3520 22
588 3463 606 3522 i.
625 3464 796 3522 ulceratione
816 3495 851 3505 -
870 3479 1014 3532 cepnnnm
1032 3479 1082 3518 om.
1102 3477 1124 3516 c.
