2588 4028
485 229 725 294 -127-

95 372 233 434 balaustii
264 373 285 441 3
318 373 352 436 X.
399 373 548 453 colligitur
577 375 645 433 rino
677 375 805 452 myrtino
833 383 864 435 et
890 375 1012 436 inicitur
1038 393 1108 435 cum

95 461 268 524 decoctione
296 461 365 522 rubi
393 470 445 522 aut
467 469 579 540 myrtae
603 468 654 521 aut
677 461 745 522 mali
773 465 886 541 granati
913 464 1033 524 corticis
1057 471 1108 524 aut

94 568 180 611 rosae
209 552 306 611 siccae
335 557 385 610 aut
407 567 558 610 ramorum
581 549 705 628 siliquae
732 567 863 628 graecae.
904 550 1054 630 decoques
1076 553 1107 611 in

94 641 162 698 rino
193 647 224 699 et
263 656 338 717 aqna
375 637 544 717 singillatim
576 647 627 698 aut
663 637 751 699 simul
786 641 818 699 in
851 657 925 719 uno,
961 647 992 700 et
1022 657 1106 718 prae·

93 727 244 806 vaporatis
262 725 397 806 partibus
416 726 529 788 alterna
548 728 710 788 mutatione
729 728 934 807 spongiarum,
954 729 1133 806 suppositos

92 813 236 874 clunibus
264 813 414 895 cervicali,
440 815 545 875 inicies
572 831 627 894 per
654 821 774 876 enctera
801 815 832 876 id
860 824 907 875 est
934 812 1034 875 tibiam
1062 816 1107 874 in·

91 904 249 962 iectoriam
281 901 382 964 multis
414 902 579 964 cavernulis
615 903 795 982 perforatam
832 921 908 982 quac
943 901 1108 982 appellatur

91 989 266 1070 polytretos.

6 1099 7 1102 ¹
184 1077 338 1158 collyrium
353 1079 594 1161 suppositorium,
608 1077 687 1159 quod
698 1077 803 1140 Graeci
818 1077 978 1160 ypotheton
992 1087 1106 1160 vocant,

94 1168 275 1227 conveniens
294 1167 320 1227 is
337 1169 462 1228 maxime
481 1169 533 1247 qui
555 1168 707 1248 frequenti
725 1167 890 1229 deiectione
910 1166 1146 1228 assellationis1⁰

94 1253 244 1334 surgendo
272 1255 440 1334 fatigantur.
482 1273 620 1316 somnum
648 1257 759 1317 etenim
785 1264 939 1336 provocat,
971 1264 1106 1316 ventrem

7 1343 8 1346 ’
92 1341 223 1404 abstinet
245 1351 276 1404 et
298 1345 428 1422 qrrietam
452 1353 570 1405 noctem
593 1343 761 1406 laborantes
784 1345 913 1405 transire
937 1343 1015 1404 lacit
1059 1360 1105 1402 ac-

92 1431 166 1512 cipit
184 1438 282 1492 autcm
301 1433 382 1492 croci
400 1434 525 1511 styracis
544 1450 663 1492 murrae
682 1435 809 1494 castorei
828 1433 952 1514 acaciae,
973 1431 1105 1492 omnium

92 1518 116 1576 V
139 1518 161 1586 3
184 1519 327 1602 singulas,
351 1521 427 1580 turis
450 1519 574 1580 masculi
596 1519 617 1586 3
640 1519 688 1580 lll.
727 1538 798 1580 suco
824 1519 1000 1598 plantaginis
1024 1517 1104 1580 eolli-

6 1661 7 1666 ,
91 1609 173 1686 gitur
197 1615 227 1668 et
249 1607 325 1669 lirrnt
348 1607 468 1687 collyria
491 1605 643 1686 sublonga.
1119 1620 1145 1661 1⁵

183 1696 216 1756 ad
250 1693 452 1757 exclusionem
479 1694 640 1774 longaonis
691 1695 786 1755 erices
815 1711 922 1774 carpu,
954 1693 1106 1774 gallarum,

166 1988 230 2044 lin
247 1988 313 2044 rino
331 2006 367 2044 m.
383 2006 405 2044 c.
513 1989 594 2045 ivel
611 1989 679 2045 mali
692 2007 723 2060 p.
827 1988 944 2044 cortices
962 2004 989 2057 c,
1008 1994 1058 2043 -e
1072 2004 1104 2056 p.

91 2060 253 2129 3decoqne
272 2061 347 2132 (41)
361 2077 392 2129 p.
465 2057 666 2130 tsingolatim
679 2077 722 2129 cp.
794 2059 974 2130 tsubposito
992 2073 1015 2113 e.
1088 2065 1104 2114 6

91 2129 220 2186 eruribus
238 2146 260 2186 c.
345 2129 553 2201 ptibienethera
567 2147 602 2199 p,
620 2131 704 2201 pt'1b1
722 2149 737 2194 z
757 2132 807 2198 (et)
828 2129 913 2184 edera
930 2145 945 2182 c
963 2129 1046 2196 (unde
1064 2128 1103 2181 la·

88 2207 190 2258 untes
202 2216 259 2256 coc.
273 2200 374 2256 tibiam
389 2201 549 2269 transposui
561 2206 626 2269 post
643 2201 661 2255 i.
673 2225 706 2246 ==
716 2200 747 2254 id
761 2203 811 2254 est.
833 2200 867 2266 cs.
882 2198 1008 2253 auliscon
1022 2213 1105 2264 quem

89 2290 144 2328 nos
162 2271 264 2326 tibiam
282 2271 375 2327 dicere
392 2269 548 2340 poterimus
569 2269 640 2325 Occi.
655 2287 686 2352 p.
706 2271 779 2338 191).
887 2265 1064 2322 iniectorium
1082 2283 1104 2334 c,

89 2343 172 2398 —ria
190 2359 220 2412 p.
331 2341 466 2397 tmultis
485 2371 519 2382 -
539 2343 576 2410 (e)
595 2340 741 2396 Colhrinm
763 2356 814 2394 om.
834 2355 855 2394 c.
963 2335 1105 2408 perforata

89 2431 149 2484 que
164 2457 170 2470 .
188 2458 193 2470 .
210 2455 216 2468 .
231 2412 384 2482 politreton
397 2429 428 2482 p.
500 2417 516 2466 9
535 2411 664 2482 ipoteton
683 2428 711 2480 c,
729 2412 872 2482 ypotefip
891 2409 938 2478 (cf.
957 2409 1036 2464 Ales.
1056 2409 1103 2463 iat.

86 2487 108 2553 f.
131 2483 215 2549 1151),
237 2501 279 2553 pr.
298 2501 329 2553 p.
348 2488 406 2540 462
428 2483 468 2540 ed.
487 2483 555 2538 Bas.
573 2487 656 2539 155⁶.
694 2483 730 2551 cf.
743 2499 774 2552 p.
793 2485 848 2536 450
868 2476 936 2536 stato
959 2474 1104 2534 ὑπόθετον

87 2550 106 2624 ἢ
128 2549 278 2624 κολλύριον
297 2559 363 2623 σεο),
456 2559 489 2608 10
507 2555 537 2610 et
554 2570 633 2610 conv.
646 2569 678 2624 p.
764 2570 787 2608 c.
807 2552 928 2608 maxime
946 2551 992 2606 his
1010 2549 1059 2620 qui
1072 2567 1103 2619 p.

86 2627 127 2682 is:
149 2625 194 2680 his
213 2641 254 2695 cp.
347 2631 378 2680 11
397 2625 566 2694 resurgendo
583 2642 611 2694 p.
703 2629 736 2679 12
754 2623 858 2680 retinet
872 2641 902 2694 p.
985 2621 1104 2677 trasone

87 2697 163 2752 iacit
180 2713 216 2766 p:
232 2740 238 2752 .
254 2736 260 2749 .
274 2695 368 2768 alloere
391 2695 436 2750 fae
461 2697 519 2766 (aeci
540 2701 648 2751 mutato
666 2713 682 2751 c
703 2697 736 2752 in
757 2697 778 2764 l)
798 2711 812 2750 c
836 2695 894 2764 (ubi
916 2693 974 2749 seii.
995 2693 1105 2761 primae

87 2770 213 2834 litterae,
231 2767 251 2821 i.
267 2783 288 2822 e.
302 2782 394 2822 cerem
402 2768 590 2836 praecedentes
603 2767 729 2833 ultimae,
747 2767 800 2836 topi
812 2781 888 2819 ureae
900 2779 958 2819 non
966 2764 1103 2844 peccauit).

86 2837 204 2908 Accipit
222 2838 316 2892 antem
335 2854 362 2892 c:
380 2839 407 2903 ib
419 2855 451 2907 p.
525 2843 558 2893 1e
572 2837 682 2893 stiracis
700 2853 723 2903 c,
742 2833 860 2890 storacis
871 2851 902 2903 p.
974 2846 1058 2885 marre
1072 2847 1103 2899 p,

86 2910 162 2966 mire
181 2924 203 2964 c.
317 2908 441 2964 omnium
464 2913 512 2964 etc.
531 2910 596 2964 boec
617 2909 681 2962 dedi
703 2923 737 2961 ec
759 2922 781 2960 c.
820 2921 886 2958 aum
903 2903 971 2957 mire
989 2901 1105 2968 confirma

87 2984 218 3050 (propter
235 2979 306 3038 turis
324 2979 443 3034 masculi
465 2983 559 3034 uotam
577 2978 721 3046 displicere)
735 2975 850 3044 praebet
867 2991 890 3042 p
910 2974 984 3042 (post
1003 2970 1103 3054 acatis)

86 3054 169 3106 baec:
186 3049 380 3120 ypoquistidos
398 3050 464 3104 suci.
500 3048 561 3119 pini
579 3047 673 3103 cortic
701 3045 792 3100 thuris
810 3047 879 3099 κοῦ.
894 3048 938 3098 en.
951 3049 970 3107 3
983 3042 1005 3099 Ι.
1024 3058 1105 3112 parra

85 3122 217 3193 pondera
241 3121 334 3191 eollig.
359 3137 423 3176 cum
446 3137 512 3174 suco
535 3116 707 3243 plantapinis
726 3118 755 3172 et
774 3116 820 3171 fao
839 3115 949 3172 collirio
966 3113 1104 3185 sublonga

86 3192 251 3248 confectum
273 3191 382 3247 leuibus
401 3207 552 3261 apponens.
588 3206 639 3272 pre
669 3190 700 3244 to
718 3187 780 3258 ipso
797 3188 937 3260 longaone
955 3201 1011 3240 uno
1029 3185 1103 3267 bpno

87 3263 258 3318 subaustero
282 3265 333 3317 ant
354 3261 465 3317 lentisci
487 3262 534 3317 vel
556 3277 641 3315 mirre
669 3259 839 3315 decoctione.
884 3257 993 3314 addunt
1018 3258 1104 3310 stram

85 3333 190 3405 galias.
227 3349 362 3388 ceresam.
395 3332 517 3388 acatium
536 3331 698 3401 supradicto
720 3331 851 3400 pondere.
925 3335 959 3382 16
977 3327 1047 3382 Mem
1065 3331 1105 3380 est

86 3403 120 3460 τὸ
147 3400 286 3475 ἡμέτερον
308 3399 379 3474 πρὸς
401 3399 468 3488 τούς
490 3405 699 3472 προπίπτοντας
721 3396 827 3472 ἀρχούς
849 3417 895 3470 op.
919 3398 982 3454 Gai.
1003 3395 1103 3462 XIII,

85 3480 145 3532 313
169 3471 291 3546 (ipsisne
313 3494 423 3544 καοποο
443 3476 501 3544 etc.)
520 3479 545 3530 ct
562 3474 686 3541 Aetna,
706 3477 723 3529 7
738 3490 768 3542 p.
784 3477 850 3528 842.
