2558 4022
578 213 772 276 „g-

174 359 282 420 tundes
313 376 402 438 supra
430 357 522 420 dictas
550 360 665 437 species
694 367 723 418 et
752 375 871 438 cernes,
899 365 928 417 et
955 360 1052 437 primo
1078 357 1189 418 calcem

174 466 243 508 cum
271 465 347 525 aqua
375 451 555 526 competenti
583 465 693 525 coques
720 449 752 506 in
780 464 855 506 novo
891 445 999 506 cacabo
1027 453 1122 507 testeo
1155 454 1190 507 ut

174 555 234 596 non
262 535 367 596 durius
400 535 451 595 sed
484 535 629 613 liquidum
656 535 804 614 videatur,
837 541 866 594 et
898 553 941 682 {e
974 553 1064 614 supra
1095 535 1190 595 dictas

940 631 953 682 t

175 627 290 705 species
318 641 562 703 superasperges,
590 632 621 683 et
646 623 752 683 leviter
779 641 890 701 coques
984 641 1081 702 penna
1109 623 1189 702 galli·
1268 671 1269 696 ,

84 723 266 773 a·17⁰nacea
284 710 423 792 probabis
443 729 518 791 quae
537 729 597 771 non
616 712 707 772 luerit
725 711 790 771 oleo
812 704 815 793 Ι
835 711 954 790 polluta.
991 719 1063 772 tunc
1085 711 1190 791 paulu-
1268 701 1269 714 ¹

175 802 236 862 lum
260 809 414 880 tepescere
438 801 518 860 sines
542 808 572 860 et
595 802 638 860 sic
657 807 746 879 caput
765 807 869 860 contra
888 799 1089 878 capillaturam
1113 799 1190 860 lines

175 893 291 951 cautius
320 908 357 949 ne
386 888 487 948 oculos
519 891 682 968 contingat,
711 896 741 948 et
772 905 841 948 cum
873 870 1057 948 sufflcbnter
1089 896 1191 950 cutem

175 979 339 1055 constringi
367 979 517 1036 senserint
543 979 574 1036 in
602 994 742 1055 vaporem
774 978 888 1048 mittes,
923 984 953 1036 et
980 995 1049 1036 cum
1082 977 1191 1037 sudare
1268 975 1269 988 ¹

175 1067 342 1145 coeperint,
370 1064 464 1124 oculis
492 1065 601 1126 clausis
628 1063 674 1124 vel
703 1082 793 1144 supra
820 1064 941 1125 linteolo
969 1064 1065 1143 ligatis
1094 1072 1191 1126 totum
1268 1129 1269 1144 ἢ

136 1167 161 1206 10
176 1160 265 1233 caput
287 1152 472 1213 catalricabis
496 1161 526 1213 et
549 1152 662 1214 adiecta
692 1171 768 1232 aqua
790 1153 882 1213 cabda
905 1152 1028 1234 lavabis,
1052 1161 1083 1214 et
1109 1161 1191 1232 post·
1268 1173 1269 1178 ¹

176 1261 264 1322 quarn
287 1242 405 1322 laveriS,
429 1259 550 1321 asperso
574 1241 714 1302 cantabro
727 1241 875 1302 manibus
895 1241 1047 1302 moderate
1070 1241 1192 1302 fricabis
1268 1235 1269 1246 ’

176 1341 206 1391 et
224 1333 333 1390 iterum
351 1330 468 1390 lavabis.
502 1338 574 1391 tunc
593 1329 657 1390 oleo
676 1348 847 1409 perungues
871 1338 901 1390 et
923 1332 955 1390 in
974 1329 1048 1390 solio
1067 1329 1191 1390 descen-

176 1420 247 1479 dere
271 1419 401 1478 dimittes
425 1427 455 1478 et
484 1426 553 1498 post
575 1436 669 1479 unum
693 1418 771 1478 diem
793 1421 825 1478 in
844 1417 906 1478 sole
930 1426 1027 1479 totum
1046 1426 1135 1498 caput
1154 1419 1191 1478 ad

176 1507 310 1586 scapulas
334 1525 388 1586 per
407 1507 470 1567 dies
491 1526 617 1568 numere
636 1509 768 1586 quinque
787 1507 914 1586 dropace
933 1507 1066 1568 induces.
1104 1509 1191 1568 cuius

136 1608 161 1648 1⁵
176 1596 313 1675 dropacis
341 1597 487 1656 conlectio
510 1595 576 1656 talis
605 1605 659 1657 est.
706 1613 807 1676 cerae,
834 1597 909 1675 picis
937 1597 1046 1676 siccae,
1074 1597 1192 1656 resinae

175 1687 317 1766 pituinae,
334 1686 406 1744 nitri
424 1684 515 1745 libras
535 1685 675 1764 singulae,
698 1686 815 1744 resinae
834 1685 926 1744 frixae
945 1695 979 1744 ÷
998 1683 1045 1764 Vl,
1067 1686 1191 1764 pyretri,

175 1773 330 1834 bituminis
357 1772 479 1853 iudaioi,
515 1773 666 1852 sulphuris
698 1773 769 1850 vivi,
802 1771 924 1841 ellebori
956 1771 1028 1851 albi,
1060 1771 1192 1852 adarces,

176 1862 367 1939 stafisagriae,
386 1862 518 1919 omnium
542 1863 710 1938 specierum
730 1857 768 1917 Vl
786 1861 890 1919 uncias
912 1858 1006 1940 binas,
1027 1861 1141 1939 piperis
1162 1869 1193 1920 et

177 1949 234 2009 olei
253 1949 377 2027 sicyonii
395 1949 499 2008 uncias
518 1955 686 2026 qrraternas.
718 1949 847 2026 peractis
861 1966 932 2008 vero
952 1948 1088 2026 dropacis
1106 1951 1191 2026 quin·

137 2051 163 2090 2⁰
177 2055 235 2115 que
264 2035 368 2097 diebus
396 2037 427 2096 in
454 2035 569 2096 lavacro
598 2043 793 2114 sympasmate
822 2038 916 2096 uteris
945 2037 1024 2114 quod
1052 2035 1193 2096 conficies

249 2191 379 2244 liundes
387 2205 419 2258 p.
492 2189 592 2255 3du2i
607 2231 613 2243 .
629 2232 635 2244 .
651 2229 657 2242 .
672 2187 811 2258 liquid1p
884 2188 1079 2257 iasperoisp
1098 2207 1192 2258 asper·
1268 2221 1269 2252 ᾗ

177 2260 220 2330 gis
239 2277 260 2316 c.
333 2261 435 2314 leniter
454 2277 475 2314 c.
549 2259 645 2328 coquis
665 2276 686 2316 e.
775 2262 829 2314 ot.
850 2259 916 2314 sinis
934 2276 979 2329 pp,
998 2259 1149 2328 tepefecies
1169 2276 1192 2314 c.
1268 2265 1269 2294 ³

176 2331 242 2384 linis
269 2347 328 2402 ppc.
421 2337 438 2383 'l
466 2330 591 2400 conligat
615 2335 679 2384 ante
702 2346 771 2386 corr.
789 2347 814 2400 p.
906 2333 999 2384 cutem
1022 2329 1192 2386 sufficienler

177 2401 316 2470 stringis.
337 2417 359 2455 c.
432 2406 571 2468 Svapore
590 2417 611 2454 c.
686 2400 841 2469 eoeperinb
857 2418 886 2470 p:
907 2400 1014 2468 ceperit
1028 2417 1072 2469 pc.
1148 2401 1192 2454 vel

176 2471 294 2526 linteolo
313 2486 397 2539 supra
413 2487 441 2538 p.
516 2476 550 2524 10
569 2469 747 2525 caialricabis
761 2473 790 2539 (i)
804 2487 848 2540 pc:
868 2470 1085 2540 cataplasmabis
1105 2473 1192 2540 (cata
1268 2469 1269 2474 '

176 2541 273 2610 pl'ab')
287 2559 317 2610 p.
408 2541 547 2596 levaveris
560 2557 591 2610 p.
684 2547 715 2594 11
736 2542 883 2596 cantabro:
901 2548 932 2613 9⁰
950 2559 1087 2610 suprascr.
1107 2543 1190 2598 chlie.

176 2611 294 2682 frigebis
308 2629 339 2680 p.
431 2617 463 2666 12
483 2628 622 2681 perunges
635 2628 671 2680 p,
697 2612 776 2682 -gis
795 2628 816 2666 c.
913 2612 944 2666 in
966 2612 1036 2667 solio
1056 2613 1190 2682 (solium):

177 2683 247 2738 solio
266 2685 431 2751 (suprascr.
450 2689 481 2752 9⁰
498 2682 600 2736 balneis
618 2681 735 2750 sudoris)
748 2699 800 2752 pop
819 2684 880 2752 (om.
894 2682 944 2751 in).
1019 2689 1051 2738 13
1071 2683 1191 2738 dimittis

176 2771 228 2825 ppo
246 2753 377 2823 (dimittis
395 2753 562 2808 descendere
581 2755 637 2821 c).·
689 2755 753 2822 post
771 2770 799 2807 a:
817 2771 868 2822 per
885 2771 930 2824 pp.
1002 2755 1038 2807 ad
1056 2772 1085 2824 p:
1104 2772 1192 2824 usque

176 2825 213 2880 ad
228 2843 272 2894 pc.
367 2829 399 2878 14
417 2841 532 2880 numero
550 2840 595 2894 pc:
615 2839 665 2878 om.
681 2840 710 2892 p.
805 2826 950 2894 tropaeam
971 2841 993 2878 a.
1082 2825 1192 2880 inducis

175 2913 235 2966 ppo.
310 2901 342 2950 15
362 2895 490 2966 dropaois
509 2911 558 2950 om.
579 2911 600 2948 c.
674 2895 718 2948 est
734 2894 800 2948 talis
819 2912 840 2949 c.
915 2902 947 2949 16
968 2895 1076 2964 pilulae
1096 2913 1191 2950 -re-

178 2967 236 3021 sine
256 2983 306 3021 om.
326 2984 348 3020 c,
386 2967 486 3021 abhinc
503 2967 560 3020 pisi
578 2967 665 3034 plane
687 2981 737 3020 roos
755 2965 845 3032 deficit
863 2967 920 3020 cod.
939 2984 969 3036 p,
989 2983 1058 3035 quae
1076 2967 1192 3036 exempli

178 3053 263 3090 caasa
285 3038 423 3106 adscripsi
449 3039 519 3091 vitia
547 3037 670 3092 codicum
692 3053 739 3106 ep,
762 3041 794 3089 at
815 3042 881 3091 suat
902 3037 1118 3092 iaamamaba'lia
1144 3053 1192 3091 rec-

177 3109 258 3178 pleaca'.
346 3113 378 3160 11
398 3107 512 3161 adarces
529 3125 582 3178 ppc
600 3107 696 3177 (ursini
714 3107 838 3161 testiculi
855 3124 943 3175 sapsa
960 3124 1011 3161 scr.
1030 3110 1079 3177 9⁰).
1158 3113 1191 3161 18

178 3176 304 3231 omnium
323 3208 356 3216 -
375 3176 472 3231 uncias
490 3193 539 3232 om.
555 3179 661 3259 p‚'pai
678 3178 757 3232 babet
774 3177 852 3247 agric
871 3177 1029 3249 ar'1†<VI
1048 3179 1111 3232 add.
1126 3177 1191 3250 p⁰>.

178 3248 217 3303 Vl
235 3265 261 3302 c:
286 3250 394 3316 sepiem
417 3265 442 3318 p.
535 3254 567 3302 19
587 3247 707 3302 s1cionii:
736 3265 770 3302 ex
793 3247 947 3302 cucumeris
974 3248 1132 3318 agrestibus
1160 3250 1193 3302 fit
1268 3253 1269 3258 ’

177 3335 316 3387 suprascr.
335 3325 373 3388 9⁰.
481 3324 515 3372 20
534 3325 546 3372 i
564 3319 677 3374 lavaero
692 3335 742 3388 pc:
768 3319 912 3374 bilavacro
931 3319 990 3388 (sic)
1009 3337 1035 3388 p.
1126 3319 1192 3374 sim-

177 3405 349 3532 ffinffciytbb
358 3388 538 3528 {pplasmete
552 3407 584 3459 p.
657 3390 767 3458 quodp
788 3390 854 3458 (οὓς
879 3405 963 3459 quam
981 3407 1006 3459 p.
1079 3389 1193 3444 conficis
