2558 4022
549 242 765 306 ..62-

241 385 320 446 aliud
342 387 497 464 optimum.
533 388 632 464 ipsum
655 387 828 464 sanguinem
852 386 953 464 accipe
973 392 1003 445 et
1024 383 1170 445 combure

152 483 183 535 et
214 475 291 536 iacto
323 474 446 553 pulvere
478 476 624 534 nescienti
656 473 779 534 naribus
810 473 904 553 inice,
936 475 962 534 si
994 471 1031 533 de
1064 473 1171 534 dextra

152 563 273 624 dextrae
296 563 381 624 side
405 564 526 623 sinistra
549 570 649 622 manet
671 551 818 623 sinisti‘ae.
903 609 905 614 ,

241 650 320 711 aliud
351 650 432 730 quod
464 649 622 710 Galenus
654 652 686 710 in
719 667 772 712 sua
801 650 1007 729 therapeutice
1034 649 1091 710 hoc
1122 659 1171 711 est

124 737 235 800 olibris
266 742 456 800 curationum
492 739 557 798 fieri
593 741 776 818 praecepit,
805 741 830 798 si
866 739 903 798 de
940 740 1061 798 sinistra
1095 755 1170 798 nare

152 829 272 907 sangnis
300 828 481 909 decurrerit,
512 826 699 888 cucurbitam
726 829 945 888 tenacissimam
973 826 1065 904 multa
1098 845 1170 887 cum

150 917 267 978 flamma
290 916 387 995 spleni
410 914 634 994 conglutinabis.
672 918 698 975 si
720 915 757 978 de
781 914 898 996 dextra,
929 917 1007 993 epati
1030 914 1170 976 similiter

151 1021 290 1082 appones.

239 1091 319 1151 alind
347 1093 372 1152 si
401 1092 523 1152 chronia
551 1092 643 1152 inerit
669 1094 767 1171 passio
796 1091 826 1151 id
851 1098 897 1152 cst
919 1090 1001 1170 longi
1023 1093 1169 1170 temporis

112 1181 292 1240 meinimis
320 1198 465 1258 aquosum
493 1189 524 1241 et
546 1188 667 1240 tenuem
695 1180 805 1241 videris
832 1179 898 1240 fieri
926 1181 1113 1260 sanguinem,
1141 1183 1169 1240 si

151 1275 250 1328 tamen
278 1267 386 1329 solutio
416 1277 578 1348 spontanea
604 1271 716 1329 ventris
745 1270 866 1329 minime
895 1266 1058 1348 obstiterit,
1089 1275 1168 1328 oeta-

150 1357 231 1436 potia
259 1355 385 1417 Galeni
412 1359 550 1436 superius
578 1359 609 1416 in
636 1359 774 1436 passione
802 1357 909 1436 capitis
936 1357 1047 1435 scripta
1076 1354 1168 1437 dabis,

151 1453 182 1504 ct
205 1443 361 1505 humorem
384 1452 596 1525 pervenirem
618 1444 774 1526 purgabis,
797 1453 828 1505 ct
851 1443 1012 1505 sanabitur.

351 1603 454 1668 XXXI.
490 1603 538 1666 Ad
561 1604 730 1684 polypum
752 1612 788 1666 et
811 1621 971 1666 ozaenas.

111 1743 136 1783 ιε
240 1725 387 1806 Utrasquc
411 1730 579 1808 passiones,
606 1727 637 1787 id
660 1735 706 1788 est
728 1727 869 1806 polypum
892 1735 923 1788 et
945 1743 1069 1787 ozaenas
1092 1743 1167 1806 quas

150 1831 205 1873 nos
225 1816 336 1874 fetores
354 1818 471 1875 nerium
495 1817 630 1893 dicimus,
648 1817 848 1876 communiter
868 1814 1092 1876 medicamentis
1116 1815 1167 1876 de·
1270 1817 1271 1830 ¹

223 2023 237 2070 1
257 2016 394 2086 optimum
405 2035 440 2086 p:
460 2034 510 2074 om.
526 2035 540 2073 c
554 2020 599 2087 (cf.
616 2017 691 2074 Petr.
708 2019 813 2089 optime
828 2019 898 2075 facis
917 2019 941 2074 si
956 2061 962 2074 .
978 2063 984 2076 .
1001 2063 1007 2076 .
1023 2020 1165 2092 excipias).

149 2087 242 2158 ipsum
270 2106 291 2143 s.
322 2088 453 2144 combure
482 2091 511 2144 et
535 2089 611 2145 fecto
639 2091 755 2161 pulvere
783 2091 897 2146 neribus
920 2090 993 2146 inice
1016 2091 1041 2146 si
1067 2092 1166 2147 dextm
1269 2109 1270 2140 t

150 2159 247 2214 dextre
265 2159 290 2214 si
309 2159 421 2216 sinistre
438 2163 553 2216 maneat
571 2161 682 2216 sinistro
701 2178 723 2230 c,
746 2162 838 2231 ipsum
857 2179 878 2217 s.
897 2159 1025 2232 accipere
1043 2165 1074 2217 et
1092 2179 1166 2218 com·
1269 2171 1270 2182 ¹

149 2231 249 2286 burore
271 2233 300 2286 et
318 2229 410 2300 ipsum
428 2232 573 2302 pulverem
595 2231 719 2288 nemeen
736 2234 800 2301 (stc,
823 2231 964 2288 nesciente
985 2232 1073 2300 Petr.)
1092 2233 1165 2290 nari-

148 2301 200 2356 bus
219 2301 338 2357 insuifle.
384 2302 407 2356 si
430 2303 465 2358 de
489 2303 600 2374 sigistro
617 2305 681 2374 (cic)
705 2303 735 2358 in
758 2302 879 2374 sigistro.
917 2301 941 2356 si
965 2303 999 2358 de
1023 2304 1117 2360 aestro
1134 2305 1166 2358 in

149 2371 281 2439 destrop
299 2373 438 2437 (similiter
457 2373 551 2442 Petu).
584 2374 619 2440 cf.
641 2373 691 2429 Tb.
708 2373 800 2429 Prisc.
819 2373 851 2444 I,
871 2378 917 2430 12.
990 2375 1165 2444 4(iien212>

148 2457 254 2528 galieni
272 2475 305 2527 cp
322 2459 398 2526 (Gal.
419 2459 463 2530 X,
482 2465 544 2517 316.
583 2461 618 2528 cf.
634 2461 724 2530 XIV,
739 2466 815 2530 338).
887 2461 918 2515 in
937 2478 987 2516 sue
1004 2461 1102 2532 podice
1116 2451 1166 2517 bre

146 2545 175 2597 p,
194 2527 294 2611 {nsua
311 2530 436 2599 puericie
453 2531 646 2600 therapeuticc
666 2549 688 2586 c.
788 2534 843 2587 hoe
862 2535 904 2588 est
922 2548 949 2587 c:
969 2533 987 2586 i.
1007 2532 1047 2600 (id
1065 2535 1118 2602 est)
1132 2551 1163 2604 p.

149 2602 295 2654 bsamstro
314 2616 337 2670 c,
356 2600 469 2670 sigistro
483 2618 514 2670 p.
623 2609 639 2656 6
663 2603 803 2658 decurerib
828 2605 891 2672 (sic)
914 2619 940 2658 c:
967 2604 1120 2660 cucurrerit
1133 2621 1163 2674 p.

150 2676 164 2724 7
185 2670 276 2739 spleni
294 2687 320 2726 c:
340 2677 399 2741 spic
409 2689 432 2741 p
453 2672 532 2742 (spl'c
546 2673 601 2742 ΡΟ).
674 2674 772 2729 dextro
787 2690 809 2743 c,
828 2675 921 2730 destro
933 2689 962 2742 p.
1035 2673 1165 2730 similiter

148 2775 273 2830 appones
297 2760 375 2830 epoti
393 2776 424 2830 p.
462 2754 465 2760 ’
528 2760 649 2816 eslim
667 2761 691 2816 si
710 2761 806 2818 cronia
823 2778 850 2817 c:
870 2762 900 2817 Si
917 2751 998 2833 ‘dp-ep
1016 2763 1059 2834 (dn
1075 2780 1163 2833 maep.

148 2848 234 2904 Anna
252 2850 277 2904 si
295 2833 356 2906 tica
369 2850 424 2919 po).
499 2855 532 2905 10
550 2848 633 2904 nime
646 2867 682 2919 p:
701 2849 818 2906 nmium
837 2867 859 2906 ο.
937 2868 981 2921 aq.
998 2851 1164 2920 sanguinem
1267 2859 1268 2868 Ν

148 2921 177 2974 eb
194 2921 214 2976 b
233 2919 337 2977 videris
356 2921 418 2992 (oen.
436 2921 509 2990 fieri)
525 2937 555 2989 p.
655 2919 699 2976 stt
715 2926 752 2976 no
771 2925 836 2990 (pro
855 2921 940 2976 sitm
953 2924 987 2992 p)
1006 2938 1028 2976 c.
1131 2929 1162 2976 11

146 2995 246 3059 imep
268 2994 313 3058 (in
335 3009 421 3063 morp.
440 2997 488 3062 μοι
511 2991 557 3046 el’.
580 2997 668 3048 mimo
692 3017 726 3037 =
748 2993 783 3060 c).
891 2991 1034 3048 obstiterit
1051 3007 1087 3062 p:
1115 2994 1165 3048 ab·

148 3059 278 3116 stinucrit
301 3079 322 3117 c.
430 3061 589 3132 eeteputies
604 3104 611 3118 .
627 3105 633 3119 .
649 3105 655 3119 .
671 3064 790 3132 scriptas
811 3078 845 3132 cp
869 3063 961 3132 (debis
984 3063 1104 3132 comptos
1130 3067 1163 3131 c).

150 3135 182 3182 13
201 3129 348 3186 humorem
362 3149 399 3200 p:
417 3149 496 3187 —res
515 3149 537 3188 c.
624 3133 814 3188 samnitum:
833 3133 946 3189 cenubio
962 3151 991 3203 p.
1066 3139 1099 3186 14
1118 3135 1164 3188 Ad

146 3199 275 3269 polipnm
298 3205 328 3258 eb
351 3217 463 3257 ozemas
486 3216 522 3258 cm
540 3208 574 3257 31
599 3218 614 3258 c
635 3206 680 3270 (in
701 3204 760 3259 ind.
781 3219 860 3274 capp.
903 3204 949 3260 Ad
965 3203 1116 3274 pulippnm
1134 3208 1166 3260 et

147 3285 263 3326 oeernss
279 3276 325 3342 p):
343 3287 431 3342 coep
450 3275 511 3342 (qui
525 3275 621 3341 prima
637 3279 727 3330 tectus
746 3275 829 3330 cerba
851 3274 993 3344 Utresque
1009 3305 1044 3316 -
1063 3291 1164 3330 semes
1266 3271 1267 3337 ἶ

146 3341 275 3398 maricae
298 3345 389 3398 temtor
411 3345 517 3412 repetit)
536 3345 571 3411 cs.
590 3343 654 3400 Gal.
674 3346 757 3416 (cup.)
777 3345 872 3413 XIV,
896 3349 960 3401 336.
999 3345 1049 3400 To.
1070 3345 1163 3401 Prisc.

147 3412 180 3479 I,
198 3417 241 3468 11.
353 3419 385 3468 15
404 3416 521 3482 uterque
539 3431 561 3470 c.
634 3416 816 3541 pulipum-eb
837 3432 933 3472 cernas
947 3433 987 3485 p,
1008 3415 1114 3486 pulipis
1134 3419 1166 3471 et

147 3499 246 3539 ozerne
265 3500 287 3540 c.
362 3491 395 3540 16
413 3485 516 3540 fetores
533 3502 566 3555 p:
584 3486 661 3542 ieme
680 3488 790 3556 (aiore)
809 3502 831 3544 c.
