2588 4028
498 219 718 284 -81...

95 365 163 441 tur,
194 368 224 422 et
253 361 296 420 sic
323 361 499 423 tenuissime
531 370 614 424 creta
644 371 675 424 et
706 365 738 424 in
765 383 825 428 uno
855 369 1012 430 commixta
1045 371 1115 430 osvii

96 456 298 510 reservantur.

358 607 500 670 xxxvii.
537 609 586 670 ad
608 610 857 690 synancbicos.

188 732 376 813 Synanchica
403 733 494 812 igitur
519 734 618 813 passio
642 751 750 794 nomen
773 738 889 816 accepit
912 735 948 797 ab
973 756 1008 797 eo
1035 739 1113 818 quod

96 823 193 884 nimio
216 831 334 882 tumore
357 816 534 883 summitatis
561 821 647 901 gulae
669 822 716 882 vel
741 824 871 886 saucium
895 827 958 886 sive
980 826 1142 888 looomms

97 909 211 990 quibus
234 911 414 971 nutrimenta
443 917 683 992 transvorantuv,
711 913 949 993 interlucetque
973 917 1116 996 exterius,

97 1017 168 1061 cum
190 997 365 1060 difficultate
388 997 594 1075 transrorandi
616 999 867 1080 praefocationem
891 1003 979 1064 iaciat
997 1012 1115 1066 acutam

97 1096 128 1149 et
145 1089 257 1167 iugiter
271 1088 461 1166 spirationem
481 1087 663 1167 patientibus
677 1097 766 1168 neget
782 1121 820 1132 —
837 1109 906 1151 nam
923 1091 1029 1153 Graeci
1044 1109 1114 1154 oon·

97 1179 213 1238 tinuam
236 1174 281 1236 vel
303 1177 403 1256 iugem
426 1178 528 1256 syneri
551 1176 711 1258 appellant,
738 1186 768 1239 et
791 1178 928 1240 similiter
951 1191 984 1242 ut
1007 1181 1114 1260 laqueo

98 1264 298 1344 strangulatos
320 1265 480 1325 interliciat
502 1263 685 1346 laborantes,
715 1268 800 1328 civius
828 1267 927 1347 laquei
955 1269 1114 1348 suspendia
1129 1283 1156 1322 10

98 1353 204 1414 Gracci
219 1352 368 1414 anchonas
386 1361 501 1434 vocant,
519 1353 599 1414 vinde
618 1356 729 1414 iterum
748 1355 925 1435 synanobica
944 1358 1043 1436 passio
1062 1375 1114 1416 no·

96 1445 236 1503 minatur.
269 1449 299 1502 et
318 1450 388 1502 sunt
406 1441 591 1503 differentiae
610 1444 757 1521 passionis
773 1443 857 1505 duae.
895 1463 954 1505 una
974 1453 1020 1506 est
1038 1463 1114 1525 quiae

97 1547 167 1592 cum
185 1532 300 1610 ingenti
318 1539 437 1591 tumore
452 1547 544 1610 supra
562 1529 710 1590 dictorum
728 1530 863 1594 iocorum
881 1532 995 1594 visibus
1022 1535 1114 1594 mani·

97 1621 232 1700 iestatur,
255 1617 310 1678 alia
328 1635 400 1678 vero
419 1635 495 1697 quae
514 1620 578 1678 sine
597 1617 658 1690 ulio
678 1626 795 1679 tumore
815 1619 953 1700 eflicitur,
976 1621 1115 1682 sensibus

97 1709 289 1788 cognoscitur
311 1715 428 1768 tantum
451 1723 520 1768 cum
544 1709 665 1768 minime
689 1714 719 1767 et
742 1706 903 1768 difficulter
927 1717 1114 1769 transvorare
1130 1721 1156 1760 1⁵

96 1798 252 1877 coeperint
279 1801 474 1875 aegrotantes.
525 1797 620 1875 ipsam
648 1795 777 1875 denique
800 1803 918 1857 veteres
947 1797 1116 1876 passionem

95 1888 231 1966 peiorem
255 1891 343 1963 atque
367 1886 484 1945 noxiam
507 1884 690 1965 adseverant,
714 1884 861 1964 siquidem
885 1885 920 1946 ad
942 1885 1114 1966 pulmonem

98 1976 187 2036 iaciat
213 1972 373 2033 decursum
406 1981 436 2033 et
464 1975 551 2034 teriia
582 1973 629 2033 vel
664 1979 768 2052 quarta
805 1973 853 2036 die
884 1975 1114 2056 praelocutionis

96 2065 214 2143 ingerat
245 2079 360 2122 necem.
411 2064 556 2141 contingit
588 2069 688 2122 autem
715 2062 812 2123 medio
841 2065 945 2124 aetatis
980 2071 1114 2142 tempore

97 2149 276 2231 corporibus
299 2150 450 2228 frequenti
473 2158 590 2210 catarro
612 2152 779 2229 temptatis,
802 2152 874 2210 item
898 2169 934 2210 ex
957 2151 1165 2224 vinolentiam

98 2239 145 2301 vel
168 2240 275 2300 nivalis
300 2237 471 2318 potionibus
495 2247 546 2299 aut
569 2239 594 2297 si
618 2239 685 2316 quis
708 2245 777 2316 post
798 2238 1023 2316 perfrictionem
1049 2255 1117 2297 con-

98 2337 216 2408 ceptam
240 2327 402 2406 derepente
426 2325 529 2387 calidis
551 2327 641 2386 nimis
665 2343 737 2386 vasus
760 2325 852 2387 inerit
874 2324 1006 2388 lavacris.

170 2487 186 2534 3
206 2479 248 2534 De
268 2478 415 2534 amanoicis
428 2495 454 2562 p,
472 2478 517 2534 Ad
531 2477 684 2533 ainaniicos
704 2473 760 2533 cam
779 2485 812 2534 3⁷
833 2496 848 2534 c
866 2477 920 2547 (Ad
939 2479 1116 2535 sinanohicos

96 2553 156 2608 iad.
175 2554 222 2620 p),
246 2551 288 2605 De
312 2550 456 2605 diuntena
478 2552 519 2605 sio
541 2567 564 2619 p
587 2547 736 2618 (sinanbloa
759 2550 930 2619 1111411
954 2551 1132 2620 1111111111,

95 2629 113 2677 4
132 2622 222 2693 igitur
239 2638 269 2691 p:
294 2622 390 2677 autem
408 2636 436 2686 o,
454 2637 504 2676 om.
519 2638 550 2691 p.
659 2626 675 2676 b
694 2620 956 2676 nimium-tumores
974 2638 1005 2691 9,
1028 2621 1116 2676 nimio

95 2696 210 2749 tumore
233 2709 261 2761 c,
285 2709 349 2748 oum
372 2709 399 2746 n.
417 2693 438 2747 b.
453 2710 484 2762 p.
591 2691 716 2748 faucium
739 2692 873 2748 locorum.
916 2693 976 2747 eive
1000 2693 1071 2761 (sine
1090 2694 1115 2758 c)

97 2764 201 2834 quibus
218 2780 259 2833 pc,
278 2763 402 2819 faucium
420 2763 466 2818 vei
484 2764 611 2832 locorum
633 2762 734 2833 quibus
748 2780 779 2832 p.
889 2769 904 2816 ‘i
924 2761 995 2816 iacit
1014 2763 1070 2830 (iae
1089 2764 1114 2829 a)

96 2851 138 2906 pc,
156 2833 246 2890 faciat
258 2851 288 2903 p.
362 2838 379 2886 8
396 2833 501 2904 iugiter
519 2853 559 2904 sp.
579 2851 625 2903 cp:
643 2834 749 2904 iugiter
767 2834 826 2888 sive
845 2832 1007 2888 continuam
1027 2849 1069 2900 sp.
1088 2849 1116 2900 p.

96 2913 113 2961 9
134 2906 250 2960 aineeim
268 2921 318 2974 pp,
343 2904 441 2960 sinetis
464 2922 486 2960 c.
594 2907 710 2972 moneor
732 2903 926 2972 bansguistos
946 2918 977 2970 p,
1001 2901 1117 2970 laqueos

98 2975 301 3046 strangoilaios
318 2993 341 3032 c
417 2981 451 3030 10
464 2975 614 3031 interficiat
633 2992 659 3029 c:
680 2974 755 3028 -cit
772 2991 818 3042 pp.
893 2977 925 3026 11
940 2987 1061 3028 ancones
1075 2989 1116 3042 pc,

97 3048 239 3104 enthecas
253 3064 284 3116 p.
364 3047 467 3102 iterum
485 3062 531 3116 pc:
550 3061 601 3100 ova.
616 3062 647 3114 p.
732 3044 875 3100 ainancioe
891 3059 942 3114 91²»
963 3045 1075 3100 -thico
1093 3062 1117 3101 c.

97 3125 133 3173 14
151 3136 173 3173 s.
192 3120 305 3173 tentum
324 3116 501 3188 cognoscitur
520 3133 561 3186 cp.
664 3120 696 3170 ts
714 3114 849 3186 society:
868 3115 913 3171 iai
930 3132 971 3185 cp.
1067 3116 1116 3172 ΙΙΙ.

95 3190 151 3245 vel.
176 3188 237 3243 IIII.
262 3205 303 3258 cp.
413 3195 445 3244 19
469 3187 571 3243 inierat
598 3204 621 3242 c.
729 3192 764 3240 20
787 3191 950 3258 osianna,
974 3189 1071 3243 cataro
1094 3203 1116 3242 c.

97 3259 227 3316 semmua
241 3276 260 3329 p
273 3259 401 3327 (tenutis
415 3263 448 3329 c).
552 3257 688 3314 violentia
700 3275 759 3328 pop.
851 3265 884 3314 21
906 3258 1118 3328 perfrictionem

97 3333 127 3456 Si.
153 3331 211 3386 dol.
235 3346 322 3400 stupra
345 3332 385 3400 9⁰)
407 3347 436 3400 p:
460 3329 686 3400 pacificationem
705 3347 740 3399 p,
763 3330 930 3402 frigicdnem
958 3346 981 3384 c.
1082 3333 1117 3381 22
1187 3361 1189 3365 -

118 3401 247 3472 erepenti
264 3407 326 3470 ppt,
347 3403 410 3456 -te
428 3407 474 3471 plo
493 3403 571 3472 (-ta
590 3405 652 3456 ante
677 3417 746 3458 corr.
762 3405 802 3471 p).
903 3399 994 3456 calido
1009 3443 1016 3456 .
1032 3440 1039 3453 .
1055 3439 1062 3454 .
1076 3399 1128 3451 ta--ff

98 3489 184 3529 vacro
203 3489 218 3527 c
237 3472 362 3540 (1111111.
375 3474 416 3542 p).

152 3571 273 3612 Cassius
287 3571 384 3622 Felix,
398 3571 433 3612 od.
448 3571 475 3610 V.
490 3571 559 3613 Rosa.
941 3566 957 3613 6
