2588 4028
537 263 777 328 -166-

149 407 340 490 admiscehis,
368 415 398 469 et
425 409 456 469 in
479 408 607 489 ampulla
629 407 747 488 rediges
770 415 800 469 et
828 405 920 468 dahis.
966 406 1018 468 sed
1040 415 1167 488 propter

149 499 208 558 rim
230 499 361 578 potionis
384 499 481 577 primo
505 496 588 558 dahis
611 497 625 557 l
648 497 827 558 coclearium
850 495 908 557 olei
932 497 1017 576 spani
1040 495 1166 558 sorben-

149 586 235 668 dum,
259 593 289 647 et
313 587 356 647 sic
379 604 471 666 super
494 585 578 647 dahis
600 587 761 665 potionem.
797 584 897 647 triduo
920 593 1003 646 recte
1026 601 1081 664 per
1105 587 1165 646 sin-

149 673 235 754 gulos
254 674 318 735 dies
338 683 438 756 cyatos
456 682 559 736 ternos
583 681 634 735 ant
657 682 832 756 quaternos,
855 673 1019 735 secundum
1039 679 1166 735 aetatem

123 765 405 846 ⁵uninscuinsqne‚
427 765 458 824 in
481 765 601 843 potione
625 761 717 824 dahis.

238 851 271 913 hi
298 859 398 914 antem
424 850 597 932 lyssorlecti,
626 851 656 912 id
683 859 730 912 est
758 853 810 932 qui
835 849 954 912 rabidos
978 869 1097 912 morsos
1120 853 1165 911 in·

150 948 326 1023 currerunt,
353 943 380 1002 si
407 939 443 1001 ah
471 942 556 1002 initio
584 940 750 1001 secundum
777 942 923 1001 rationem
950 939 1030 1019 qnod
1060 938 1167 1000 Graeci

150 1036 215 1090 cata
238 1029 326 1108 logon
349 1029 510 1109 appellant,
537 1030 659 1089 minime
683 1029 795 1089 luerint
819 1030 928 1110 curati,
955 1034 1024 1108 post
1046 1026 1097 1087 XL
1119 1027 1165 1088 rel

151 1115 202 1176 LX
230 1117 293 1178 dies
321 1116 507 1196 hydrolohici
535 1117 719 1198 efficiuntur,
746 1115 777 1177 id
805 1126 852 1178 est
878 1135 985 1202 aqupm
1016 1118 1164 1177 timentes.

111 1219 138 1260 ro
151 1213 182 1265 et
204 1213 251 1266 est
273 1206 443 1267 acutissima
462 1213 492 1266 et
511 1204 718 1266 molestissima
740 1207 850 1285 passio.
887 1212 933 1266 est
951 1221 1078 1284 namque
1097 1223 1165 1266 can-

151 1295 225 1354 satio
257 1296 289 1354 in
321 1293 473 1355 stomacho
506 1301 536 1356 et
567 1293 658 1354 corde
691 1312 728 1355 ex
755 1311 870 1354 veneno
898 1295 981 1354 canis
1013 1299 1165 1374 concepta.

151 1384 288 1462 seqnitur
310 1391 409 1444 autem
437 1385 489 1461 qni
517 1382 718 1444 laboraverint
740 1401 777 1443 ex
799 1400 876 1462 aqua
898 1389 998 1444 tumor
1021 1380 1166 1442 stomachi

151 1478 181 1531 et
204 1471 311 1532 cordis.
348 1470 506 1533 difficultas
525 1473 615 1534 etiam
633 1471 840 1533 transvorandi
861 1478 951 1551 potus
970 1479 1021 1532 ant
1042 1489 1079 1530 ex
1102 1477 1166 1531 toto

150 1561 268 1639 negatio
296 1562 432 1642 sequitur
459 1569 490 1622 et
518 1559 673 1640 singultus,
715 1568 787 1622 tunc
817 1561 1005 1620 increscente
1027 1560 1166 1639 passione

110 1659 136 1701 15
151 1650 209 1728 ipsi
227 1667 296 1710 cum
314 1650 445 1710 insanire
464 1651 632 1731 coeperint,
655 1667 769 1710 veneno
786 1650 905 1728 pervasi
923 1663 1025 1709 vocem
1046 1648 1167 1708 latratui

150 1753 257 1800 canum
286 1738 412 1800 similem
440 1741 581 1800 emittunt
608 1745 639 1799 et
664 1745 838 1818 praesentes
867 1736 1004 1797 mordent
1033 1743 1063 1796 et
1090 1752 1167 1816 aqna

148 1827 264 1903 perfusi
287 1827 457 1888 vehementi
479 1835 567 1907 raptu
590 1827 820 1888 interficiuntur.

318 1983 443 2044 LXVlll.
481 1982 530 2043 Ad
553 1982 809 2064 phalangionis
832 2001 996 2045 morsum.

240 2105 367 2188 Caponis
390 2106 549 2168 cerebrum
572 2125 641 2167 cum
668 2109 771 2188 pipere
794 2108 912 2170 modico
935 2117 965 2169 et
988 2115 1073 2168 rutae
1098 2105 1167 2168 hor·

222 2295 416 2365 la(d)miaces
434 2297 500 2365 c(p).
591 2295 746 2365 ampullam
760 2312 790 2365 p.
876 2295 938 2350 redi
960 2294 982 2348 'a
1001 2309 1041 2364 cp.
1127 2310 1167 2366 pp

149 2370 178 2422 ffi
196 2373 260 2437 pois
279 2383 305 2434 c,
328 2383 367 2437 pp
390 2369 455 2421 attii
477 2369 633 2436 potoemp
656 2367 699 2436 (ic
716 2381 802 2436 scorp.
817 2371 852 2434 ρο
875 2363 924 2420 ih
953 2381 1026 2489 ³9}
1041 2363 1101 2419 vini
1118 2379 1168 2434 po

148 2437 252 2503 tionis).
324 2437 479 2505 2cocl'rp‚
494 2437 563 2492 oocl'
578 2453 600 2491 c.
673 2436 850 2506 asaperahis
860 2453 891 2506 p.
959 2440 997 2490 tm
1017 2454 1036 2490 u
1049 2437 1130 2490 rectu
1144 2451 1168 2492 e.

148 2507 273 2563 tcietos
293 2523 319 2573 c,
338 2507 449 2576 quietos
463 2522 494 2576 p.
581 2507 645 2561 oin
663 2507 792 2576 potiones
810 2507 956 2578 potionem
975 2523 1016 2576 cp.
1089 2504 1169 2560 chii

150 2584 187 2634 air
204 2577 337 2632 lisodenti
353 2593 380 2645 c,
405 2577 585 2662 hijaliaodera
598 2594 620 2645 p
639 2579 682 2647 (io
695 2593 781 2650 marp.
800 2578 842 2632 hil
857 2583 893 2632 an
906 2577 1021 2634 lisodeti
1030 2580 1086 2646 ρο).
1152 2582 1168 2630 l

148 2666 237 2736 quod:
253 2682 339 2734 quem
348 2681 379 2735 p,
394 2664 443 2734 qui
457 2667 498 2735 (q)
514 2681 536 2722 c.
607 2665 828 2749 Boetelogonp,
844 2665 998 2736 catalogim
1013 2682 1035 2720 c.
1104 2663 1168 2735 gpo
1286 2733 1287 2740 ἵ

148 2737 208 2794 XL.
226 2735 301 2792 rxh
315 2739 380 2806 (oie)
396 2735 455 2792 dies
469 2753 492 2803 c,
510 2738 576 2806 post
594 2736 791 2806 quadragenam
809 2736 857 2793 rel
871 2736 1027 2807 sexagesino
1045 2735 1121 2790 diem
1135 2751 1167 2804 p.

149 2815 166 2865 9
184 2807 341 2880 ydrofonici
359 2825 381 2864 c.
481 2813 514 2862 10
532 2806 652 2862 molesta
665 2824 695 2876 p.
790 2807 828 2862 nc
845 2815 927 2880 ansa
947 2809 1011 2863 octo
1025 2823 1062 2876 p,
1085 2812 1100 2860 e
1120 2812 1170 2875 qffi

149 2903 266 2953 causaoo
285 2914 307 2953 c.
382 2904 414 2952 11
436 2913 482 2952 ex=
501 2898 531 2952 et
550 2913 578 2963 c,
597 2897 626 2951 et
644 2913 722 2966 exp.
797 2901 830 2952 12
850 2913 871 2952 s.
890 2913 914 2952 a.
934 2885 1095 2950 laborauhht
1117 2896 1170 2964 (os‘c

148 2967 286 3039 -verint)
309 2985 344 3024 ex
368 2985 442 3039 equa
463 2985 525 3024 mor
547 2968 662 3024 stoecho
686 2969 716 3022 el
737 2967 820 3023 corde
839 2984 854 3022 c
872 2967 985 3036 (addidi
1002 2966 1075 3036 quic
1101 2983 1122 3021 s.
1143 2983 1169 3020 a.

148 3039 309 3095 laborantes
327 3041 422 3094 tumor
440 3037 578 3094 stomachi
597 3039 626 3093 et
644 3037 735 3094 cordia
749 3055 780 3108 p.
886 3043 919 3094 13
938 3036 1026 3092 etiem
1039 3054 1076 3106 p:
1096 3037 1127 3092 eh
1145 3053 1168 3092 c.

148 3110 198 3164 aut
212 3139 246 3150 -
261 3109 400 3178 singultus
417 3125 468 3166 cm.
488 3126 509 3164 c.
594 3115 627 3163 16
646 3110 778 3164 mordent
790 3125 822 3178 p.
910 3110 1062 3178 1‘1‚‚raptu
1080 3107 1169 3162 inter-

148 3179 298 3235 ficiuntnr‘
322 3179 349 3234 O.
369 3181 404 3236 A.
419 3196 450 3250 p.
470 3183 536 3236 233.
646 3185 679 3234 18
703 3177 747 3234 hd
774 3179 967 3250 spelsngionis
986 3177 1169 3249 (fclengionis

148 3251 207 3306 iod.
223 3253 256 3320 p)
280 3266 403 3305 morsum
427 3267 442 3305 c
466 3255 492 3305 et
509 3251 567 3305 ind.
582 3267 605 3320 p
624 3252 665 3320 (ic
679 3267 702 3322 p
716 3267 771 3320 pro
793 3251 908 3306 achaico
926 3251 1026 3319 sepitur
1043 3247 1167 3304 Medicc-

148 3357 274 3411 mentnm
292 3357 337 3425 Β).
446 3360 480 3409 19
499 3327 634 3426 Ατροῑερ
653 3356 689 3427 (A
706 3357 798 3423 rubr„
819 3357 866 3411 sed
887 3357 921 3410 ἐπ
937 3373 1024 3425 scorp.
1040 3370 1095 3426 pro
1114 3355 1168 3408 tice.

148 3443 256 3499 iasone
278 3444 481 3513 praecinitur
499 3439 525 3513 ό)
550 3427 682 3514 (inponas
706 3459 720 3500 a
743 3445 790 3514 (ef.
816 3445 893 3499 Poro.
918 3449 967 3510 co,
991 3449 1025 3499 ae
1049 3443 1082 3498 ao
1108 3443 1170 3514 aar<

148 3515 315 3570 linaceorum
334 3516 459 3584 cerebro).
541 3517 607 3570 rute
625 3515 712 3570 ortice
726 3532 762 3585 p,
781 3518 844 3571 rute
864 3519 926 3586 (om.
945 3515 1008 3583 ort.)
1028 3529 1050 3570 c.
