2588 4028
585 243 825 308 -148—

282 392 314 449 in
351 387 556 450 curationibus
588 405 658 450 vero
691 389 830 467 primitus
860 397 1017 468 aegrotum
1048 389 1212 468 trispermo

193 476 432 559 cataplasmabis,
460 477 491 537 id
514 486 562 538 est
583 475 680 538 tribus
702 475 867 538 seminibus
889 495 927 538 ex
955 477 1034 540 iacui
1058 479 1159 556 graeci
1184 487 1214 538 et

194 567 317 627 seminis
346 565 399 626 lini
430 573 461 626 et
489 565 595 628 bordei
621 563 782 644 poliinibus
817 583 886 626 cum
914 583 990 645 aqua
1022 574 1053 628 et
1083 565 1149 626 olco
1183 575 1214 628 et

196 653 312 715 modico
335 653 423 716 meite
450 656 609 716 concoctis.
652 661 683 714 et
709 661 867 733 postquam
896 653 1001 716 tuleris
1024 653 1212 734 cataplasma,

165 745 259 824 oipsa
282 743 346 806 loca
364 743 459 804 cabdo
483 741 593 803 sabam
615 741 753 820 deterges
776 750 808 804 et
830 741 895 804 otso
919 745 1041 804 arretino
1063 743 1212 822 tepefacto

142 887 148 900 ,
194 849 375 914 perungucs‚
395 839 426 892 et
443 833 487 892 sio
505 830 571 892 iuna
585 829 704 890 'munda
725 848 759 890 ac
778 830 860 892 molli
878 832 996 910 operies
1013 841 1045 892 et
1064 830 1211 892 fasciubis.

195 923 284 982 etium
312 928 343 981 et
369 919 485 1000 oxymcl
512 919 628 980 diurnis
656 917 761 980 diebus
791 920 900 980 ieiunis
923 937 994 981 cum
1015 937 1092 998 aqua
1114 922 1211 999 apiata

196 1009 288 1070 calida
311 1007 404 1069 dabis.
440 1009 523 1069 norit
544 1009 625 1068 enim
647 1006 877 1070 crassitudinem
901 1007 1046 1087 flegmatis
1069 1008 1212 1070 incidere.

195 1099 284 1158 etiarn
312 1105 342 1157 et
368 1097 473 1156 ochas
500 1111 605 1156 eorum
632 1094 807 1174 provocabis
829 1115 868 1156 eu
896 1096 1071 1158 decoctione
1099 1099 1160 1177 apii
1183 1107 1214 1158 et

156 1201 183 1240 ιο
196 1184 318 1246 feniculi
346 1183 480 1246 radicum
515 1186 636 1246 cortice.
682 1185 770 1246 etlam
803 1192 835 1246 ct
861 1193 996 1246 ventrem
1028 1185 1135 1265 flegma
1162 1185 1214 1246 de-

197 1273 376 1336 ducentibus
412 1281 443 1334 et
480 1275 623 1334 vomitum
659 1291 696 1334 ex
728 1271 878 1334 radicibus
909 1271 1092 1353 provocabis.
1143 1282 1214 1354 post

197 1360 270 1423 baec
294 1361 437 1442 epithima
459 1361 507 1422 dia
529 1370 701 1442 spermatcn
722 1378 863 1440 appones.

529 1520 589 1581 LX.
625 1521 673 1582 Ad
697 1513 882 1604 eJiemeras.

287 1643 443 1724 Simplices
471 1642 570 1705 febres
599 1643 840 1724 Hippocrates
868 1644 1015 1705 efemeras
1047 1643 1215 1726 appellavit,

159 1748 184 1788 15
199 1735 288 1795 sicuti
301 1732 457 1794 Galenus
476 1732 512 1792 ad
526 1731 707 1794 Glauconem
720 1732 857 1793 scribens
875 1735 972 1812 primo
991 1731 1067 1793 libro
1084 1733 1215 1796 edocuit.

198 1829 230 1882 et
252 1823 428 1900 contingunt
455 1821 629 1899 {requenter
653 1839 689 1882 ex
712 1820 900 1882 antecedenti
927 1820 1029 1882 labore
1057 1829 1109 1882 aut
1132 1825 1214 1883 vino·
1286 1851 1287 1872 2

197 1909 288 1970 lentie
318 1917 370 1969 aut
401 1907 555 1969 iracundia
587 1916 637 1969 aut
668 1910 790 1969 tristitia
817 1918 869 1970 aut
899 1927 936 1970 ex
964 1910 1215 1989 indigestiouibus

198 2005 249 2057 aut
276 1996 374 2076 aliqua
400 1998 579 2075 cogitatione
607 1997 697 2056 animi
727 1996 908 2072 vehementi,
937 1998 1094 2077 aliquando
1124 2007 1155 2060 et
1178 2018 1215 2060 ex

197 2086 353 2165 inguinum
372 2083 483 2164 dolore,
504 2086 643 2164 quotiens
661 2083 834 2164 glandulosa
856 2095 976 2166 praeter
995 2087 1091 2166 aliqua
1112 2087 1213 2148 ulcera

158 2173 312 2234 sciuerint
334 2175 397 2253 ipsa
420 2175 550 2253 ingtrina.

270 2316 285 2362 1
304 2309 468 2378 buspermon
487 2325 513 2378 c,
532 2305 715 2379 trisperimon
727 2326 758 2379 p.
855 2307 1033 2380 ifenugreci
1052 2325 1078 2377 c,
1100 2304 1170 2382 fefl'g
1183 2327 1213 2380 p.

198 2377 290 2434 alini
312 2395 362 2433 cm.
377 2395 408 2449 p.
516 2379 658 2434 brabono
672 2395 707 2449 p:
732 2396 836 2450 sepone
855 2397 877 2437 c.
993 2386 1168 2464 open-unges
1183 2399 1213 2450 p.
1284 2425 1285 2442 ,

197 2450 522 2520 lanaczcnmlanep.
600 2453 774 2520 acczetp.
856 2451 1008 2522 operiscp.
1091 2455 1216 2508 'tetram

198 2523 241 2574 eb:
261 2519 348 2574 etium
362 2537 393 2588 p,
413 2523 443 2575 et
459 2537 482 2576 c.
555 2520 677 2576 oximell’
698 2537 721 2588 o,
740 2520 844 2577 oximel
852 2539 883 2592 p.
956 2522 1095 2578 diuturnis
1114 2522 1216 2578 diebus

198 2607 226 2658 c,
244 2589 343 2645 diebus
361 2589 501 2645 diuturnis
514 2607 545 2660 p.
635 2591 742 2648 ieiuniis
761 2609 783 2647 c.
876 2609 939 2647 oum
958 2592 1055 2664 apicis
1074 2592 1168 2648 calida
1182 2611 1214 2663 p,
1284 2591 1285 2610 ³

199 2677 263 2715 cnm
281 2677 356 2729 aqna
373 2659 472 2730 tepida
493 2661 573 2731 piata
591 2661 684 2718 calido
702 2680 725 2720 c.
835 2669 851 2717 8
869 2663 992 2718 incidere
1006 2681 1041 2733 p:
1066 2663 1174 2719 scidere
1193 2682 1216 2720 c.

199 2731 322 2818 tetiam
341 2748 392 2787 om.
412 2747 427 2786 c
449 2737 474 2786 ct
491 2737 555 2786 octe
573 2749 642 2790 corr.
656 2751 688 2804 p.
781 2741 814 2790 10
837 2734 916 2816 radic
937 2749 978 2804 cp.
1069 2733 1215 2801 corticeo,

198 2819 292 2930 {0⁰ss
308 2891 331 2941 c,
353 2805 965 2946 Ιῖἕηὲἒὶξέδιῗέηᾎὲωετὶἐῖρ9(Ἓὲῃὲξὲἒέτὲιί
978 2811 1079 2942 ΜῙΞ,
1092 2806 1143 2930 [bed
1157 2805 1216 2932 {bb-

198 2961 295 3000 meron
312 2945 371 3001 ind.
384 2947 425 3016 p).
500 2950 534 2998 14
551 2961 669 3018 ypocras
683 2963 706 3017 c,
724 2947 960 3017 ypocratieoprp
979 2963 1006 3016 p.
1078 2947 1216 3004 efemerss

199 3032 227 3082 c,
246 3015 383 3072 effimercs
397 3031 428 3086 p.
510 3018 651 3087 appell'si
664 3035 700 3087 p,
720 3017 816 3074 -lubi
834 3035 856 3073 e.
931 3022 963 3072 15
982 3017 1111 3088 galienus
1128 3035 1157 3087 c,
1182 3019 1215 3074 G.

199 3087 263 3153 (sic)
279 3101 301 3154 p
320 3085 396 3153 (Gal.
418 3087 483 3154 XI,
501 3092 540 3155 6).
631 3088 743 3144 edocuit
761 3105 788 3155 c,
811 3089 956 3162 sedoccuit
973 3105 1005 3158 p.
1096 3095 1131 3145 tc
1150 3107 1217 3146 con·

199 3173 286 3242 tingit
304 3191 345 3242 cp.
426 3173 561 3229 violentie
574 3193 610 3245 p,
633 3177 777 3234 vindemia
795 3163 873 3246 c'(cf.
893 3175 986 3248 μέθας
1004 3177 1088 3248 cst).
1183 3185 1216 3235 18

200 3269 218 3316 fs
240 3245 299 3331 abb
324 3261 471 3332 cogitem
492 3261 581 3318 enimi
603 3279 631 3332 c,
654 3266 704 3320 aut
725 3265 791 3322 filiis
815 3265 889 3334 (eliis
906 3273 943 3336 p⁰
965 3267 997 3321 e'c
1019 3271 1117 3338 marp.)
1138 3270 1216 3339 cogi-

198 3350 354 3406 tationibus
372 3349 460 3405 animi
473 3368 505 3420 p.
589 3352 769 3410 vehementer
787 3357 877 3424 (ἡὴ
889 3355 922 3424 p)
940 3371 983 3423 cp.
1069 3359 1100 3412 eb
1117 3371 1169 3414 orn.
1184 3375 1215 3426 p.
1282 3373 1283 3378 ¹

199 3436 234 3474 ex
251 3419 308 3492 ing.
317 3421 423 3506 ’dolore
430 3421 590 3506 ⁸(contingib
607 3425 674 3481 odd.
683 3427 730 3495 p):
750 3421 796 3480 iad
812 3426 1012 3508 bootiooc'Gci.
1087 3433 1121 3481 19
1135 3427 1218 3497 glon-

198 3491 298 3547 dulose
315 3495 381 3562 pter
398 3493 496 3563 abque
513 3493 587 3550 nlc'e
604 3493 661 3549 tuo
678 3512 702 3562 c,
720 3495 888 3566 glandulose
906 3496 1060 3566 abqnando
1078 3497 1130 3570 <eb
1147 3500 1216 3554 odd.

1276 3793 1281 4002 i
