2588 4028
548 197 791 262 -104—

159 347 185 405 si
217 355 317 406 tamen
348 345 456 406 virium
489 343 614 423 qualitas
653 343 745 404 luerit
780 343 950 423 suffragata,
988 345 1034 404 sin
1066 348 1174 430 minus,
1280 381 1281 384 =

159 434 268 494 acriori
291 432 418 512 clystere
443 441 576 494 ventrem
599 431 738 494 deduces.
1280 453 1281 460 ¹

68 547 91 586 r.
106 535 146 575 na
249 519 285 582 ad
314 520 458 582 stomachi
489 523 696 582 ventositatem
729 521 791 580 sive
812 517 817 594 Ι
837 519 1019 582 inflationem
1048 531 1080 583 et
1110 532 1173 585 ten·
1280 511 1281 584 l

159 613 275 672 sionem
301 609 376 690 polii
401 610 505 672 cretici
532 607 717 688 manipulum
741 625 834 670 unum
859 609 892 669 in
920 625 996 689 aqua
1023 609 1173 693 decoquas
1280 607 1281 684 Ξ

131 709 189 760 5et
220 701 285 780 ipsa
319 698 493 760 decoctione
528 699 663 758 ieiunum
698 696 823 776 potabis.
873 705 924 758 aut
961 706 1086 778 nepetae
1123 709 1174 763 aut
1280 737 1281 744 1

157 797 275 850 mentae
312 788 518 849 decoctionem
554 785 683 846 admixto
720 785 837 846 modico
873 785 960 846 melle
997 794 1028 847 et
1061 790 1174 868 piperis

157 879 258 956 granis
290 877 413 956 triginta
443 877 528 956 potui
560 873 653 934 dabis.
699 881 730 934 et
760 883 829 953 post
855 873 928 936 haec
955 874 1096 956 epithima
1127 878 1176 939 dia
1280 911 1281 934 t

158 973 329 1045 spermaton
352 964 472 1043 Filagrii
493 981 632 1043 appones.
670 970 701 1022 et
719 962 876 1024 coniicitur
895 965 946 1024 sic.
984 963 1173 1049 cardamomi,

158 1055 273 1134 cyperi,
295 1051 405 1112 herbae
425 1051 557 1133 sabinae,
576 1053 662 1126 nitri,
684 1050 825 1112 bacarum
845 1050 935 1133 lauri,
959 1054 1071 1114 cassiae
1089 1054 1174 1116 listu-

118 1141 227 1222 ulae,
244 1139 383 1220 mehloti,
411 1141 490 1200 laeui
517 1141 616 1219 graeci
642 1139 776 1220 pollinis,
802 1141 891 1200 fascia
918 1139 1028 1222 gallici,
1051 1145 1175 1204 seminis

157 1231 229 1310 apii,
261 1230 404 1310 samsuci,
437 1230 533 1310 anesi,
564 1230 685 1308 panacis
714 1227 836 1309 radicis,
867 1231 1000 1289 omnium
1028 1229 1174 1292 tredecim

156 1321 260 1380 uncias
287 1325 401 1398 ternas,
435 1318 610 1378 ammoniaci
637 1324 738 1395 guttae
767 1324 798 1376 et
826 1319 942 1376 resinae
974 1316 1174 1382 terebintinae
1280 1353 1281 1390 2

157 1409 260 1467 uncias
289 1423 390 1486 senas,
417 1405 528 1486 mellis,
556 1405 614 1465 olei
641 1403 772 1488 nardini,
800 1403 893 1484 adipis
920 1407 1045 1486 taurini,
1077 1425 1175 1491 cerae,

156 1497 290 1556 omnium
309 1501 450 1574 quattuor
467 1493 559 1554 libras
578 1492 718 1572 singulas.
751 1491 842 1572 aliqui
858 1511 929 1554 vero
947 1512 1002 1574 pro
1021 1495 1087 1554 oleo
1107 1514 1174 1557 nar·

116 1597 142 1637 15
157 1583 226 1644 dinc
249 1585 407 1664 cyprinum
430 1585 552 1645 mittunt
575 1590 605 1643 et
627 1599 683 1662 pro
702 1581 801 1642 radice
824 1583 944 1662 panacis
963 1599 1175 1662 opopanacem.

157 1681 188 1732 et
202 1675 228 1735 si
241 1673 277 1734 ad
295 1690 439 1753 praesens
457 1671 637 1733 terebintina
651 1687 712 1731 non
731 1669 831 1751 fuerit,
850 1669 1026 1732 cololoniam
1040 1673 1173 1736 mittunt

157 1761 270 1824 addunt
292 1761 351 1822 olei
374 1773 400 1824 2
422 1761 477 1841 lll,
504 1761 582 1820 aceti
609 1758 690 1839 quod
713 1759 866 1819 suffecerit
888 1758 924 1820 ad
947 1761 1174 1824 conterendum.
1248 1795 1252 1806 ·

157 1851 333 1910 ammoniaci
359 1857 443 1928 gutta
471 1847 532 1907 sola
561 1849 623 1906 sire
651 1863 719 1906 cum
747 1863 915 1926 opopanace
946 1849 1016 1908 lacit
1043 1849 1080 1910 ad
1108 1854 1174 1912 uni-

156 1955 257 1996 versas
284 1936 452 1996 inflationes
481 1934 627 1994 stomachi
654 1933 700 1994 vel
728 1937 921 1997 ventositates
952 1944 983 1997 et
1015 1941 1110 2018 epatis
1142 1949 1175 2002 et

115 2039 141 2078 ao
155 2023 280 2105 splenis,
303 2023 334 2084 el
357 2023 393 2084 ad
416 2024 515 2084 omnia
537 2039 677 2102 magnum
700 2030 747 2083 est
770 2023 1028 2086 medicamentum.

228 2158 294 2214 lsi
312 2177 334 2215 c.
408 2158 550 2214 tacriora
569 2175 592 2214 c.
665 2156 779 2213 deducis
796 2175 845 2229 99,
870 2177 952 2216 -ces
970 2176 992 2216 c.
1065 2161 1174 2231 ipolii

155 2231 289 2301 crebieip
308 2231 401 2302 (polae
417 2234 421 2300 Ι
437 2229 518 2286 retici
537 2232 575 2298 c):
600 2227 708 2300 polium
727 2228 861 2284 creticum
879 2247 904 2300 9.
995 2236 1011 2286 5
1031 2233 1060 2286 et
1077 2233 1174 2302 ipsam

155 2301 346 2358 decoctionem
364 2301 474 2358 ieiunus
498 2299 611 2371 potabis
628 2316 647 2382 9
666 2301 707 2370 (ct
723 2299 815 2370 ipsam
834 2300 860 2356 d.
879 2300 974 2356 ieiuno
991 2302 1073 2371 potui
1090 2301 1174 2358 dabis

152 2374 200 2442 p),
230 2375 259 2427 et
287 2371 318 2426 in
346 2373 409 2442 ipsa
440 2372 604 2426 decoctione
630 2371 756 2425 1eiunum
783 2371 896 2441 potabis
926 2388 948 2427 c.
1074 2374 1173 2449 rapite

154 2441 262 2514 (nebitq
288 2443 329 2512 90)
357 2443 450 2515 menie
480 2457 511 2510 9,
538 2441 634 2510 nepita
661 2444 755 2496 menta
783 2459 824 2512 cp.
952 2449 967 2497 7
995 2459 1084 2512 grana
1109 2462 1172 2515 pop.

154 2513 232 2567 XXX
251 2529 293 2582 ep.
366 2512 504 2582 epithima
520 2529 567 2582 pc,
586 2511 669 2581 eph’a
682 2529 712 2581 p.
786 2511 914 2583 8filagri
931 2529 980 2583 pp,
1001 2513 1123 2586 salargiri
1141 2517 1173 2571 et

153 2582 254 2654 irlagni
279 2599 300 2640 e.
409 2584 580 2638 accusantem
603 2583 703 2638 iterem
728 2583 809 2638 hebet
834 2601 865 2655 9,
889 2586 1023 2653 penitima
1047 2602 1089 2656 ep.
1129 2588 1173 2642 cic

154 2656 226 2708 enim
251 2671 281 2724 p:
309 2653 532 2710 cardamomum.
579 2651 716 2724 Giperum.
762 2654 858 2710 Herba
885 2653 983 2709 sauina
1010 2657 1117 2725 (savine
1137 2675 1171 2728 p,

153 2723 247 2780 iaviue'
260 2727 293 2796 c).
325 2725 447 2780 Nitrum.
480 2724 569 2778 Becas
583 2723 698 2793 (Baceas
714 2726 796 2781 diem
811 2741 837 2793 c,
856 2742 989 2780 -carum
1003 2729 1043 2796 p).
1074 2727 1172 2783 Cassia

153 2796 255 2853 fistula.
283 2795 450 2852 Melilotum.
483 2793 649 2864 Foenigreei
662 2795 806 2863 pollinam.
837 2795 939 2852 Fasces
957 2797 1077 2866 gallicos
1095 2800 1171 2867 (itera

148 2884 180 2936 p,
199 2867 282 2924 fascis
302 2867 409 2923 callicis
428 2869 460 2938 c).
500 2865 602 2922 Samen
619 2865 685 2936 apii.
719 2867 883 2922 Semsucum
901 2866 1039 2936 (Samsuci
1047 2885 1078 2939 p,
1099 2871 1170 2926 San-

152 2939 211 2994 suci
233 2941 266 3007 c).
307 2938 557 3008 dunecanum.
589 2936 708 2993 Ponccis
730 2937 840 2993 radices
863 2938 949 3007 (-cis
971 2943 1024 3009 cp).
1135 2948 1164 2996 11

152 3009 278 3064 omnium
293 3039 326 3050 -
340 3011 435 3066 ternas
447 3013 516 3080 p(c)=
536 3013 580 3064 ah.
595 3011 622 3075 -;-
636 3007 684 3062 ΠΙ.
703 3026 730 3079 p.
805 3013 838 3062 12
852 3009 1001 3066 Amoniaci
1018 3013 1133 3080 guttam
1150 3030 1169 3082 9

153 3081 279 3149 (-gutte
299 3083 337 3149 c),
362 3081 503 3136 armoniae
520 3079 604 3150 gurtha
617 3096 647 3149 p.
741 3085 773 3134 13
791 3081 888 3136 uncias
906 3096 987 3136 senas
1004 3099 1035 3152 p:
1054 3081 1079 3150 ξ
1100 3083 1126 3138 V
1145 3101 1169 3152 c,

152 3171 195 3220 ab.
214 3168 241 3233 ἢ
259 3165 305 3221 VI.
324 3184 351 3235 p.
425 3183 505 3223 caere
523 3185 554 3238 9,
573 3157 605 3223 δ’ὁ
619 3184 655 3235 p:
673 3182 724 3221 om.
744 3183 765 3222 c.
851 3172 884 3221 14
903 3167 1028 3223 omnium
1047 3174 1170 3252 quatuor

153 3235 288 3303 (omnium
308 3235 394 3290 trium
412 3239 452 3293 sic
471 3241 495 3306 c)
513 3238 532 3292 1.
552 3256 571 3292 s.
590 3255 635 3309 pc:
659 3243 703 3292 ari.
721 3237 750 3292 l'.
769 3237 796 3291 Ι.·
805 3253 836 3307 p.
929 3244 962 3294 15
980 3239 1123 3296 radicibus
1141 3261 1168 3314 9,

110 3342 116 3368 .
151 3306 264 3375 radice,
278 3305 412 3377 redicep.
478 3307 614 3363 inducunt
628 3325 852 3378 opopanacemp
865 3310 948 3365 solas.
1014 3317 1047 3366 17
1064 3313 1166 3368 oleum.

152 3380 184 3432 2.
205 3377 244 3431 ΙΙΙ
262 3394 292 3449 9ε
311 3376 367 3432 olei
385 3384 400 3442 3
421 3377 468 3432 ΙΙΙ.
488 3395 529 3447 cp.
633 3379 737 3436 sufficit
755 3395 797 3448 cp.
900 3380 945 3436 Ad
965 3383 1167 3440 conterendum

150 3451 222 3518 pm:
237 3464 287 3504 om.
303 3463 325 3504 c.
407 3454 440 3504 18
455 3448 514 3504 sive
528 3466 592 3505 cum
607 3449 782 3521 oppopanice
796 3467 821 3507 c:
841 3451 899 3507 sive
914 3467 1108 3523 opopanacem
1121 3471 1166 3524 99.
