2588 4028
489 237 731 301 -149-

190 383 220 440 in
245 381 450 444 curationibus
473 389 574 442 autem
597 387 716 460 oportet
738 390 875 461 aegrotos
897 382 1026 463 plurimo
1049 385 1116 450 oleo

101 467 287 530 mollioribus
315 469 453 530 menibus
480 469 621 532 defrioeri
648 477 679 530 et
708 469 832 531 lavacris
861 472 1116 551 frequentioribus

101 559 215 638 curari,
247 558 336 617 etiam
369 565 400 620 et
432 557 498 618 cibo
526 557 642 620 diurnis
670 557 776 644 debus
802 559 902 640 refici,
931 561 984 624 sed
1016 569 1115 624 umen

99 644 136 704 eb
168 645 368 724 indigestione
396 645 549 708 custodiri
599 649 702 708 vinum
732 665 804 708 rere
831 650 1055 726 emrsbesimum
1086 660 1116 711 et

100 733 169 794 lene
192 735 279 812 potui
300 733 398 816 dabis,
421 744 452 794 et
473 733 542 796 illos
563 737 688 797 maimo
712 737 764 814 qui
786 737 877 798 nimis
901 739 1037 817 corporis
1059 741 1144 800 ari-⁵

99 821 194 881 ditae
227 821 438 903 laboraverint,
473 821 541 902 plns
574 823 647 884 solio
679 825 832 886 immorari
864 841 952 903 quam
983 827 1015 888 in
1047 844 1116 888 sere

96 907 231 990 iubebis,
255 918 285 970 et
307 909 431 972 sanabis.

441 1069 513 1130 LXl.
550 1069 599 1130 Ad
623 1088 765 1132 causon.

189 1192 301 1254 Causos
329 1194 419 1255 latino
443 1211 580 1254 sermone
608 1193 701 1254 febris
729 1195 902 1256 incendiosa
929 1195 1047 1258 dicitnr.
1085 1207 1116 1259 et

99 1281 133 1342 fit
155 1281 312 1361 aliquando
336 1299 405 1343 oum
428 1281 617 1361 deliratione‚
645 1289 675 1343 ot
697 1285 823 1344 maxime
851 1285 990 1362 quotiens
1013 1294 1114 1346 tumor
1129 1300 1155 1339 ιο

99 1371 193 1449 epatis
216 1377 247 1430 et
265 1369 381 1450 splenis
399 1372 586 1450 opportuerit,
608 1387 645 1430 ex
663 1370 756 1431 multa
776 1370 912 1432 ciborum
932 1375 1113 1434 comestione

2 1521 3 1524 ,
98 1458 288 1519 inflammatio
318 1460 443 1538 erigitur
470 1467 501 1519 et
528 1460 622 1518 inurit
645 1457 803 1518 cerebrum
826 1467 857 1519 et
884 1463 1012 1522 maniam
1035 1462 1114 1543 facit,

99 1563 188 1624 mam
211 1565 266 1606 nos
288 1549 434 1608 insaniam
457 1545 593 1606 dicimus.

189 1637 351 1696 curationis
380 1651 451 1695 vero
479 1643 614 1713 tempore
641 1641 759 1714 oportet
786 1637 818 1696 in
845 1636 911 1713 ipso
937 1637 1023 1696 initio
1046 1653 1112 1716 per·

97 1721 286 1783 mittentibus
318 1722 433 1784 viribus
460 1730 614 1801 aegrotum
642 1723 673 1782 in
704 1721 827 1784 brachio
854 1721 1060 1804 flebotomare,
1088 1727 1113 1784 si
1129 1739 1154 1780 15

97 1819 197 1894 minen
229 1817 325 1872 aetate
358 1813 474 1872 invenis
506 1811 605 1871 fuerit.
652 1819 683 1872 et
710 1813 736 1872 si
763 1829 800 1872 ex
830 1829 995 1874 enoenseos
1024 1821 1114 1892 ceput

98 1899 228 1960 doluerit
250 1897 425 1980 laborantis,
447 1899 478 1960 id
501 1907 548 1960 est
571 1917 607 1960 ex
626 1897 795 1982 adustione,
818 1919 854 1962 ex
877 1900 943 1961 oleo
966 1901 1112 1962 omfecino

97 1987 237 2048 embrooe
260 1989 356 2049 uteris
379 1997 430 2050 ant
447 2006 484 2048 ex
507 1995 591 2049 aceto
614 1997 645 2049 et
662 2005 800 2071 rosaceo,
824 1989 904 2069 qnod
929 1990 1111 2070 oxyrodinon

97 2084 213 2138 vocant.
250 2094 310 2136 non
333 2069 484 2156 praesenti
502 2094 573 2136 vero
591 2093 714 2138 rosaceo
736 2095 792 2156 pro
815 2095 938 2138 rosaceo
962 2079 1026 2138 oleo
1050 2097 1111 2138 om·

98 2157 196 2226 facinb
220 2164 328 2244 frigido
352 2167 459 2246 uteris,
481 2163 511 2224 id
536 2171 582 2224 est
604 2163 659 2224 llll
682 2165 741 2224 olei
763 2165 898 2244 partibus
924 2183 1014 2225 unam
1037 2167 1113 2226 aceti
1127 2182 1154 2220 20

97 2253 284 2314 admiscebis
322 2255 368 2314 sin
391 2247 461 2314 vero
485 2251 552 2334 plns
575 2251 748 2331 infrigidare
772 2253 915 2332 volueris,
938 2271 974 2312 ex
998 2252 1113 2332 aequali

96 2495 190 2567 corr.)
213 2495 341 2552 ulcerosa
362 2494 468 2550 fuerint
481 2512 517 2624 ει
538 2491 622 2564 (πλὴν
645 2492 675 2550 εἰ
695 2489 733 2564 μὴ
757 2491 841 2564 χωρὶς
864 2492 962 2558 ἕλκους
985 2495 1112 2566 φανεροῦ

519 2583 533 2621 o

96 2563 226 2635 γένοιντο
250 2566 332 2635 (tat).
405 2572 422 2619 2
446 2565 480 2621 de

98 2638 184 2720 etism
203 2652 254 2694 om.
262 2654 295 2721 ὀ.
382 2635 521 2721 dintnmis
539 2654 580 2709 op.
618 2713 630 2722 ·
665 2636 757 2694 reficis
775 2653 817 2706 ep.
861 2714 874 2723 “
905 2635 1051 2718 tenendi
1069 2652 1110 2705 op.

96 2710 328 2836 tmtbtrtt·
344 2709 646 2850 filiiflii?
665 2707 776 2834 isidi
794 2711 921 2832 tutat
937 2707 1111 2844 filicis·

535 2565 578 2622 ari
601 2597 633 2608 -
656 2564 892 2634 frequentioribus
912 2582 963 2622 om.
982 2583 1004 2622 c.
1094 2573 1111 2623 3

2 2877 3 2888 ο
96 2849 259 2904 inoendiosa
276 2849 383 2906 dicitm
392 2867 422 2920 p.
532 2849 683 2906 scanson
704 2866 777 2919 ep·
854 2853 888 2900 10
906 2845 1065 2900 delirseone
1083 2861 1109 2899 c:

95 2920 285 2976 declinatione
308 2938 331 2990 p
358 2921 565 2992 (debilitatione
588 2927 625 2990 μ’
655 2925 681 2976 et
711 2923 811 2974 m
836 2917 869 2970 ia
895 2931 982 2986 mora.
1010 2920 1023 2968 1
1050 2912 1068 2971 d
1095 2921 1111 2970 o

94 2989 226 3047 d'lrtetor'e
248 2993 289 3046 sie
308 2995 364 3062 ρο).
455 2995 484 3047 et
502 2992 597 3060 (max.)
615 3007 666 3046 om.
681 3007 712 3060 p.
747 2989 896 3070 ..mmor
909 3002 945 3070 οε
968 2986 1069 3044 humor
1086 3003 1109 3043 c.

97 3068 130 3116 12
149 3061 258 3118 inflatio
273 3080 303 3132 p.
377 3061 495 3134 erigitur
514 3064 543 3117 et
561 3061 650 3116 nubit
668 3077 695 3130 c,
716 3058 840 3126 engrtnr.
866 3057 958 3113 inunt
970 3073 1002 3127 p.
1075 3063 1110 3112 14

96 3135 209 3204 oportet
226 3149 278 3189 orn.
293 3151 315 3190 e.
387 3135 449 3204 ipso
468 3149 518 3190 orn.
532 3149 559 3202 p.
633 3137 666 3186 15
685 3130 854 3186 siffietate
868 3145 904 3198 p:
923 3129 946 3183 si
964 3131 1012 3199 tpr
1028 3129 1110 3198 <tenr-

94 3206 220 3287 poretc.
311 3209 356 3288 17·
368 3204 491 3260 doluerit
513 3203 673 3258 laborantes
692 3218 719 3269 e,
742 3199 885 3284 doluerint
902 3199 1064 3284 laborantes
1077 3217 1108 3269 p.

95 3276 226 3330 oniscnno
240 3291 276 3346 p,
296 3292 376 3332 -cro
395 3292 416 3332 o.
505 3279 538 3329 18
557 3273 713 3328 embrooem
732 3289 754 3328 c.
839 3271 986 3328 oxnodron
1004 3285 1032 3338 e,
1051 3287 1110 3326 oxi·

2 3389 3 3394 1
94 3346 178 3402 rodni
190 3363 222 3415 p.
301 3353 334 3401 19
351 3345 478 3416 presenti
496 3345 570 3416 (pili
588 3346 613 3415 o)
634 3346 677 3400 sic
696 3360 737 3414 cp.
810 3360 877 3399 vero
895 3357 946 3400 ora.
961 3359 993 3411 p.
1064 3357 1109 3398 ro-

94 3433 178 3472 rseeo
197 3419 272 3486 (onte
289 3421 353 3501 pajo)
377 3435 428 3474 ons
447 3434 469 3473 o.
574 3415 712 3472 omfanino
726 3432 762 3486 p,
782 3415 861 3470 -oio
879 3430 902 3472 o.
1007 3419 1041 3468 21
1060 3413 1109 3472 od·

93 3487 196 3545 misces
215 3505 243 3560 o,
266 3505 383 3544 smrsees
397 3505 428 3558 p.
501 3488 544 3544 sin
563 3505 590 3558 ο,
614 3487 664 3556 ain
682 3488 713 3556 (i.
732 3503 753 3542 e.
774 3485 804 3542 Si
817 3488 863 3555 1⁰⁰)
877 3501 908 3554 p.
982 3487 1012 3540 et
1029 3501 1064 3540 ex
1077 3499 1109 3554 p.
1221 3485 1222 3488 ’

1227 3562 1266 3608 Δ
