2588 4028
503 250 723 314 -9p..

105 393 194 454 minis
225 402 340 472 parlem
373 411 473 456 unam.
513 411 684 472 concoquas
716 409 784 452 cum
816 392 909 454 calida
941 401 972 456 et
1003 394 1119 455 medice

104 480 171 542 oleo
185 481 321 562 nardino,
335 490 387 543 aut
401 489 484 542 certe
498 481 608 541 melino
623 483 649 541 si
662 488 759 542 aestas
774 481 872 561 luerit,
887 491 918 544 et
930 482 1119 563 cataplasma·

104 569 160 630 his.
207 577 333 649 etpost
360 569 551 650 cataplasma,
582 571 608 631 si
639 571 716 630 sorte
742 568 849 630 hiems
875 571 967 632 luerit
993 578 1121 652 tempus,

103 657 180 718 lanis
203 657 324 718 mundis
347 660 466 738 operies
489 666 519 719 el
546 657 690 720 lasciahis.
736 657 844 718 dehine
872 667 1029 737 postquam
1056 659 1120 720 dies

103 745 323 825 cataplasmatis
355 745 532 827 expleveris,
559 746 731 826 epithimate
759 745 807 808 dia
835 745 989 808 meliloton
1015 750 1146 808 utensc

102 843 153 896 est
176 850 305 912 namque
331 836 485 896 tonoticon
508 843 539 896 et
565 837 770 915 sympepticon
797 833 1061 916 medicamentum,
1090 835 1121 898 id

101 931 152 984 est
175 922 422 986 confortatoriam
450 932 481 984 et
504 923 765 1004 condigestorinm.
810 923 883 984 iacit
904 932 936 984 et
958 922 994 985 ad
1017 923 1121 986 debili·

100 1019 196 1072 tatem
224 1017 255 1070 et
282 1010 318 1072 ad
346 1013 513 1072 tensionem
540 1011 686 1073 stomachi
712 1013 880 1092 passiones,
913 1020 944 1073 ct
976 1012 1120 1092 hepaticis

101 1107 134 1160 et
158 1097 339 1178 spleneticis.
375 1107 543 1162 astantem
571 1109 601 1162 et
622 1100 791 1181 podagricis
809 1103 964 1180 optimum.
1000 1109 1031 1162 et
1049 1119 1119 1162 con·

101 1188 203 1248 licitur
226 1189 278 1248 sic.
315 1187 404 1248 lascis
426 1186 537 1270 gallici,
559 1192 675 1270 cyperi,
697 1207 830 1268 murrae,
855 1191 1040 1271 ammoniaci,
1065 1192 1119 1252 iris
1133 1203 1160 1242 ιο

14 1337 15 1344 ,
102 1275 248 1355 illyricae,
281 1279 414 1338 omnium
446 1279 615 1357 specierum
644 1280 777 1357 quinque
804 1277 842 1338 ui
868 1286 1007 1358 octonas,
1038 1280 1120 1340 croci

101 1363 183 1426 aloes
210 1363 247 1426 «li
274 1373 447 1446 quaternas,
475 1365 598 1428 meliloti
627 1381 662 1430 ÷
688 1365 743 1447 ΙΙΙ,
775 1369 893 1428 resinae
925 1365 1119 1446 colophoniae

101 1466 136 1516 ÷
160 1450 211 1533 Vl,
238 1471 324 1514 cerae
355 1462 386 1514 et
413 1453 472 1514 olei
498 1456 613 1534 cyprini
639 1453 731 1514 lihras
758 1455 903 1534 singulas,
935 1456 1012 1516 aceti
1039 1453 1119 1534 quod

99 1541 262 1602 suffecerit.
304 1559 427 1602 crocum
446 1559 517 1602 vero
537 1550 568 1604 et
589 1559 722 1602 murram
745 1552 776 1607 et
798 1543 885 1604 aloen
907 1549 937 1602 et
960 1545 1120 1604 ammonia-

99 1647 171 1691 cum
194 1647 263 1690 oum
286 1639 371 1692 aceto
394 1638 533 1692 conteres
557 1638 588 1692 et
610 1631 653 1690 sie
677 1630 826 1690 coniicias.
1134 1645 1160 1684 m
1258 1661 1266 1675 ι

191 1717 246 1778 alia
282 1736 356 1780 cura
392 1717 538 1780 stomachi
574 1717 611 1778 ad
648 1735 753 1780 causas
786 1735 877 1798 snpra
910 1719 1050 1797 scriptas,
1086 1725 1121 1778 ut

99 1806 300 1871 embronisuro
338 1815 484 1870 curentur
522 1807 552 1868 id
590 1815 637 1868 est
673 1805 731 1868 olei
766 1807 917 1870 inlusione
954 1806 1119 1868 foveantur.

98 1897 199 1976 primo
218 1895 309 1956 iacies
327 1895 401 1958 duas
420 1895 575 1960 emhroeas
593 1895 693 1958 laneas
712 1913 729 1956 a
747 1894 932 1976 quactiliario
951 1897 982 1956 in
996 1893 1118 1956 niodum
1139 1978 1145 1988 ·

174 2107 189 2154 1
212 2117 278 2171 para
301 2117 357 2156 nna
379 2118 397 2171 9
422 2103 519 2184 (ptem.
537 2102 559 2157 Ι.
578 2117 607 2169 e,
629 2089 674 2184 pt]
694 2103 716 2156 1.
736 2103 777 2170 p).
887 2115 1065 2182 conqnoques
1087 2117 1118 2169 p:

98 2187 205 2241 coques
228 2188 271 2241 cp.
378 2179 395 2226 2
419 2173 523 2228 molino
549 2172 676 2240 (mellino
694 2175 718 2240 o)
741 2187 801 2240 pop.
838 2171 942 2226 melino
960 2175 1050 2226 s1etc.
1084 2173 1119 2236 cf.

94 2261 128 2314 p.
147 2247 216 2309 103,
235 2247 261 2297 7.
367 2243 496 2313 4operia
510 2259 576 2368 {⁶³²⁶
676 2240 927 2310 scamplasmctia
951 2255 1004 2309 pop
1031 2242 1119 2312 (eata-

98 2313 380 2386 promotionisque).
535 2313 656 2384 pithima
686 2331 718 2384 9,
752 2312 867 2365 -maie
900 2327 941 2380 cp.
1072 2311 1132 2366 dia'

99 2383 222 2466 meli<lo
238 2385 303 2440 odd.
317 2387 408 2455 cumn
425 2401 456 2455 9,
479 2383 605 2440 diamelli
623 2384 682 2440 loto
702 2400 743 2454 cp.
852 2389 867 2438 6
888 2381 1054 2465 simpelzicon
1072 2399 1117 2452 99,

98 2456 238 2526 simphc1s
257 2471 279 2510 c.
353 2461 368 2512 'l
388 2455 608 2512 confortatorem
626 2456 687 2524 (sic)
708 2471 748 2526 pc.
822 2452 1035 2509 eond1st1or1um
1054 2460 1118 2510 aute

98 2543 171 2584 corr.
194 2543 220 2598 9.
328 2532 351 2610 8.
368 2527 524 2610 passiones:
537 2527 709 2610 ,passionom
731 2542 762 2595 9,
785 2540 836 2580 om.
862 2542 876 2580 c
901 2526 941 2608 (el
957 2525 1117 2596 passionem

98 2615 144 2668 ep.
159 2599 203 2666 9).
276 2599 393 2680 epahcm
411 2615 444 2667 9ο
462 2603 559 2684 (epicis
573 2600 616 2667 9).
691 2603 724 2681 10
738 2596 828 2652 fasces
842 2595 960 2666 gallicos
975 2597 1073 2668 (-gos
1083 2599 1117 2666 p)

97 2686 150 2739 pp,
173 2669 249 2723 faces
276 2669 394 2738 gallicas
417 2685 432 2723 c
454 2671 572 2738 (capion
596 2671 724 2738 κελτικης
744 2667 808 2724 (t'al.
828 2665 934 2734 XIII,
957 2670 1117 2736 183.186).

99 2773 235 2828 cyperum
253 2773 280 2827 9,
298 2757 408 2827 quipari
426 2775 467 2827 ep.
539 2757 627 2812 mirra
644 2775 671 2829 9,
689 2755 774 2812 mirre
794 2741 864 2826 (mre
873 2759 913 2838 9)Ι
926 2771 968 2824 cp.
1040 2772 1118 2810 amo-

98 2827 414 2954 arruns
436 2828 694 2971 ,miracu
799 2845 829 2898 ⁶2
846 2825 1028 2967 nilla-,2

98 2991 217 3044 octenas
236 2987 298 3054 (aie)
320 3001 361 3057 pc.
470 2987 587 3043 Crocum
611 2986 694 3040 aloen
710 3003 741 3054 9,
764 2980 795 3041 οωο
814 2986 941 3051 alcone,
961 2976 993 3041 οἵ
1011 2985 1072 3042 aloe
1087 3003 1118 3056 p.

100 3065 134 3113 12
154 3063 200 3113 afi.
218 3057 315 3120 51111.
330 3075 361 3127 p.
446 3058 575 3114 Meliloto
592 3073 625 3126 9,
642 3055 774 3111 melliloti
793 3073 834 3127 cp.
920 3056 1025 3113 Resina
1042 3057 1119 3113 eolo·

97 3130 242 3200 phoniap
265 3131 327 3196 (-e
346 3131 399 3199 cp).
431 3135 496 3198 post
519 3128 610 3184 cololo
628 3143 679 3182 om.
699 3143 714 3182 c
739 3127 786 3183 nia
806 3159 838 3168 —
858 3129 915 3198 (14)
934 3145 1009 3184 vero.
1084 3135 1116 3185 13

99 3220 189 3292 Caere
208 3235 238 3288 9,
262 3207 294 3274 ὃὸ
308 3233 338 3287 p.
407 3217 507 3288 eiprini
524 3233 569 3286 99,
638 3220 682 3270 au.
696 3217 724 3272 l'.
739 3217 760 3272 I.
770 3233 801 3286 p.
874 3218 974 3274 Acoeti
988 3235 1013 3289 9.
1083 3225 1117 3272 14

99 3289 315 3362 sufficeriluutc
329 3305 398 3346 corr.
412 3307 438 3360 9,
457 3289 562 3344 suffieit
575 3289 644 3356 l-i)
652 3305 681 3357 p.
744 3289 860 3344 mirram
872 3306 932 3360 pop.
997 3291 1080 3346 aloen
1093 3307 1120 3359 9,

100 3361 203 3431 aloep
223 3363 284 3431 (orn.
306 3362 340 3431 c).
412 3359 590 3416 amoniaeum
607 3375 666 3428 pap.
741 3364 774 3414 15
793 3363 891 3416 acceto
909 3377 935 3430 9.
1006 3361 1120 3415 conficis

99 3449 161 3502 pop.
236 3438 269 3487 ll
283 3432 431 3488 foveantur
440 3449 475 3502 p:
494 3431 624 3486 foveainr
637 3447 663 3499 9,
681 3430 811 3486 iovenhur
827 3449 849 3488 e.
924 3435 956 3484 18
975 3431 1045 3485 iocis
1059 3447 1119 3500 999.

100 3521 117 3557 a
140 3501 332 3572 quaelilicrio:
352 3519 426 3572 aqua
445 3506 474 3558 el
491 3501 585 3558 iliario
603 3501 717 3570 (illiario
731 3519 762 3572 p,
780 3501 880 3558 illihrio
899 3503 923 3570 c)
941 3518 1000 3572 pap.

155 3601 276 3641 cassina
293 3601 386 3651 Felix,
402 3601 436 3642 eti.
450 3603 478 3642 V.
492 3601 559 3642 Rose.
944 3593 959 3639 7
