2588 4028
513 221 755 286 -155—

212 363 299 426 aliud.
341 367 444 445 opium
472 373 556 426 aceto
584 363 750 426 resolutum
774 371 804 425 et
831 365 922 428 irouti
944 365 1083 428 illinitum
1107 377 1138 428 et

124 451 246 514 naribus
269 455 438 533 appositum
461 471 599 514 somnum
622 453 700 516 facit.
737 462 788 514 aut
808 462 890 515 certe
912 455 1012 533 ipsum
1035 457 1136 534 opium

123 540 231 602 lloculo
259 541 409 602 inclusum
437 550 468 602 et
494 541 544 601 iilo
570 541 691 620 ligatum
725 540 825 620 pudici
856 543 974 622 inicies,
1006 552 1036 604 et
1068 562 1137 606 cum

121 632 254 709 soporati
277 630 390 691 luerint
411 629 558 691 detrahes.

211 726 398 796 unguentum
417 718 615 797 soporiferum
633 719 786 780 ireueticis
805 721 994 780 convenietin.
1029 720 1162 800 codyas⁵

13 867 14 870 ,
120 806 152 865 id
173 813 220 865 est
237 808 392 885 papaveris
410 808 536 886 agrestis
554 806 701 887 capitella,
726 806 893 886 serpillum,
912 806 1039 894 bedenac
1058 808 1136 887 lolia,

120 902 306 998 castoreum,
333 897 432 955 omnia
453 893 508 956 llll
535 897 565 956 iu
589 913 665 974 aqua
688 906 718 956 et
746 894 811 955 cleo
839 895 989 974 decoquas
1012 905 1042 960 ct
1069 898 1135 976 ipso

120 980 187 1042 Oleo
208 990 314 1132 yffi
338 1070 465 1132 hederae
493 1071 577 1146 lolia,
606 1071 797 1134 chamaemeli
819 1071 922 1152 liores,
950 1073 1133 1153 spondylion,

120 1157 288 1240 herpyllon,
315 1157 437 1222 herbam
465 1162 618 1240 papaveris
645 1160 770 1235 hortini,
799 1159 1002 1242 sisymbrium,
1034 1165 1133 1224 omnia
1149 1176 1173 1214 1⁰

121 1265 173 1307 sex
202 1247 291 1307 simul
318 1249 349 1308 iu
376 1265 451 1328 aqua
479 1257 510 1309 et
536 1249 602 1309 oleo
630 1248 753 1310 decocta
780 1259 810 1310 ct
843 1251 948 1328 capitis
975 1250 1051 1311 ictui
1083 1251 1132 1312 au·

119 1334 213 1396 hibita
236 1336 366 1398 dormire
389 1337 502 1398 iaciunt
524 1337 694 1398 freneticos.

407 1512 507 1574 LXlll.
544 1513 591 1573 ld
615 1513 844 1592 lethargicos.

160 1619 161 1624 ἵ
207 1635 375 1716 Lethargioi
398 1636 539 1698 dicuntur
564 1639 586 1697 ii
614 1639 666 1716 qui
689 1636 826 1696 sensibus
850 1637 965 1698 obtusis
988 1655 1057 1698 cum
1080 1637 1130 1698 ob·

117 1723 226 1785 livione
263 1727 372 1786 mentis
409 1733 495 1786 acuta
531 1724 614 1786 lehre
651 1727 806 1786 iactantur.
858 1726 995 1805 sequitur
1031 1733 1131 1787 autern
1146 1739 1171 1780 1⁶

116 1815 266 1893 patientes
284 1822 319 1874 ut
338 1813 574 1894 supradiximus
593 1813 686 1874 lebris
704 1821 804 1894 acuta,
828 1831 970 1875 sensuum
989 1833 1130 1894 pressura

5 1957 6 1962 ,
117 1919 222 1962 somno
247 1901 363 1984 similis,
387 1901 612 1984 insensibilitaS,
642 1911 741 1964 motus
768 1901 926 1964 difficultas
950 1921 1018 1964 cum
1040 1902 1129 1983 pulsu

116 1992 230 2051 extanti
253 1999 284 2051 et
305 1993 394 2052 inani.
427 2001 456 2052 et
475 1993 620 2070 contingit
642 1993 816 2070 frequenter
839 1991 912 2053 baec
934 1994 1033 2072 passio
1052 1996 1129 2055 seni-

0 2102 1 2109 *
115 2077 173 2140 bus
196 2081 289 2158 magis
312 2087 407 2140 aetate
431 2097 519 2159 quam
542 2079 713 2160 iuvenibus,
735 2087 870 2158 tempore
893 2081 1013 2142 verneil.

204 2169 236 2227 iu
269 2167 473 2229 curationibus
510 2185 580 2227 vero
617 2169 756 2247 primitus
793 2170 871 2228 sicut
908 2170 939 2226 in
975 2169 1129 2230 freneticis
1143 2181 1170 2222 20

115 2255 270 2316 scariiabis
303 2264 354 2317 aut
386 2258 494 2318 nemori
526 2255 652 2334 clystere
685 2253 841 2315 evacuabis
874 2263 904 2315 et
939 2265 1027 2335 caput
1059 2275 1127 2336 oxy-

189 2519 204 2568 1
223 2515 347 2570 solutum
365 2531 387 2570 c.
478 2517 508 2569 et
525 2544 559 2554 -
578 2515 616 2582 (2)
635 2512 706 2568 fecit
727 2529 778 2568 om.
797 2530 819 2570 c.
910 2521 927 2569 3
950 2513 1083 2571 llocnlum
1105 2532 1127 2582 c,

113 2584 280 2654 follicl'mp
299 2584 383 2654 (-l'o
397 2588 452 2656 ρο).
532 2587 562 2640 el
574 2601 610 2654 p:
629 2599 648 2638 a
665 2601 688 2639 c.
759 2584 855 2640 initiis
867 2601 899 2654 p.
971 2587 1086 2658 lopati
1105 2605 1128 2655 c,

115 2656 243 2728 cenatio
262 2656 366 2727 (eupuli
379 2660 434 2726 12⁰).
522 2656 618 2712 trohen
632 2671 662 2724 ρ.
754 2656 898 2712 condias:
920 2658 961 2712 sio
979 2674 1020 2726 cp.
1111 2665 1127 2713 n

115 2727 242 2796 capitulo
255 2743 286 2796 p.
378 2733 508 2784 lomnes
526 2727 579 2781 llll
596 2729 659 2794 (sic)
679 2743 707 2793 c,
725 2741 776 2782 om.
790 2743 821 2795 p.
912 2727 1017 2782 niolio
1034 2743 1086 2784 om.
1104 2745 1126 2784 o.

0 2850 1 2865 ,
115 2798 265 2853 cememoli
278 2815 310 2867 ρ,
330 2797 507 2854 camamelini
525 2815 547 2854 c.
621 2795 754 2866 spondilii
771 2797 924 2866 horipilion
936 2813 958 2863 c,
978 2797 1126 2866 spondilio.

113 2885 237 2956 serpillo.
252 2903 283 2956 p.
393 2892 426 2942 tu
444 2886 530 2942 oriini
544 2902 571 2953 c,
593 2887 668 2940 orlin‘
681 2901 713 2953 p.
821 2883 955 2938 sisimbrii
972 2901 999 2951 c,
1019 2872 1082 2939 -b¹
1095 2903 1126 2956 p.

115 2973 212 3012 omnes
235 2956 280 3012 Vl.
315 2957 340 3012 si
361 2957 392 3011 in
414 2959 580 3025 equanto.
600 2971 627 3024 o,
651 2953 856 3011 Omniaeimnl
877 2954 1125 3026 inolooetey.

115 3051 147 3099 11
173 3044 276 3114 capilio
292 3026 374 3117 finini
387 3061 423 3114 ps
443 3043 531 3113 capili
548 3043 643 3098 locum
661 3058 683 3098 e.
767 3047 798 3096 12
817 3041 887 3097 iacit
904 3059 945 3112 cyr.
1031 3049 1063 3098 13
1082 3045 1127 3100 lu

113 3115 259 3198 litargicos
282 3132 307 3170 o:
331 3115 374 3170 De
396 3115 511 3184 liturgia
529 3129 560 3196 y).
670 3119 703 3168 14
721 3111 858 3182 Litargici
877 3115 929 3182 (sio
946 3121 1059 3184 sensnm)
1084 3133 1125 3186 ep.

112 3185 148 3241 ii:
167 3186 209 3241 hri
227 3203 254 3256 c,
272 3186 317 3241 his
330 3203 361 3258 p.
452 3187 560 3241 obtusas
578 3199 605 3252 o,
624 3183 733 3254 optusis
747 3200 778 3253 p.
856 3190 889 3239 lb
908 3186 990 3241 annm
1007 3185 1085 3243 febre
1103 3204 1125 3254 c,

113 3259 199 3312 anuto
216 3255 290 3312 labri
303 3273 334 3326 p.
426 3261 459 3312 lo
482 3259 583 3311 seusun
607 3271 634 3311 cs
657 3271 754 3311 seusus
768 3271 800 3324 p.
892 3261 924 3311 18
950 3256 1027 3312 inani
1046 3274 1061 3312 c
1077 3259 1124 3325 (cf.

114 3327 187 3384 Geel.
201 3328 238 3383 Δ.
252 3344 296 3384 oc.
311 3334 343 3395 2,
360 3329 400 3397 ³)=
418 3326 504 3382 malci
520 3327 584 3396 (cio)
598 3343 628 3394 p.
701 3329 731 3382 et
748 3341 799 3382 om.
809 3342 840 3411 p.
913 3327 1081 3398 contingunt
1093 3346 1125 3398 p.

115 3403 148 3452 19
167 3399 277 3456 vernali
294 3415 321 3456 c:
339 3415 426 3454 verno
440 3415 470 3468 p.
543 3402 579 3452 20
597 3397 755 3454 Curationio
773 3397 904 3468 pumilus
922 3414 946 3464 c,
964 3397 1124 3454 Contionis

112 3479 180 3524 acro
199 3469 352 3539 primordio
367 3485 398 3538 p.
470 3475 504 3524 21
524 3467 693 3524 scarificabis
711 3485 752 3538 cp.
826 3472 944 3524 autom.
963 3485 985 3524 o.

1215 3387 1280 3626 A·
