2576 4040
557 235 798 302 -178-

175 399 234 462 albi
257 399 341 482 ÷1,
368 397 452 460 labae
475 399 572 460 fresae
595 397 714 479 pollinis
732 377 773 459 lib
796 397 818 459 Ι.
864 399 1003 460 conficies
1031 408 1062 461 et
1085 401 1192 462 exinde

174 489 291 551 vultum
313 485 430 550 lavabis.

478 643 619 707 ιιιιιιιιι.
657 645 705 706 ιι
728 645 887 726 rogaras.

264 771 309 834 Ex
328 771 516 834 antecedenti
534 771 695 850 egestionis
714 771 804 831 nimia
827 769 936 832 duritia
960 769 1136 850 frequenter
1161 775 1191 834 in

148 869 275 942 ⁵sessu,
306 879 395 940 quem
424 858 529 920 Graeci
556 858 648 919 edran
675 865 794 942 vocant,
826 858 942 920 diversa
973 858 1089 939 podicis
1120 861 1192 923 vitia

176 951 361 1029 efficiuntur,
388 955 423 1008 ut
450 955 521 1008 suut
547 946 685 1028 ragades,
712 946 743 1008 id
771 955 818 1008 est
845 946 958 1029 hiatus,
986 955 1016 1009 et
1048 955 1191 1030 tumores,

175 1057 251 1118 quos
279 1036 384 1098 Graeci
411 1035 585 1116 flegmonas,
615 1043 646 1096 et
673 1033 889 1118 condylomata,
917 1053 992 1114 quae
1016 1054 1070 1096 nos
1097 1035 1191 1098 latino

176 1142 313 1186 sermone
338 1123 464 1184 dicimus
487 1121 651 1183 tubercula.

264 1219 387 1292 propter
425 1229 459 1272 ea
496 1212 658 1272 curationis
691 1218 826 1291 tempore
859 1211 1035 1291 cataplasma
1068 1211 1192 1275 edricon

135 1315 162 1354 10
175 1319 319 1383 appones,
343 1299 423 1380 quod
446 1297 543 1362 Latini
567 1301 729 1360 sessorium
752 1299 864 1362 dicunt.
901 1307 932 1361 et
955 1299 1112 1362 conficitur
1136 1304 1190 1364 sic.

174 1392 260 1470 panis
286 1388 390 1451 mundi
416 1387 506 1450 medii
533 1387 625 1448 infusi
652 1389 720 1447 vino
747 1391 841 1448 veteri
864 1397 895 1450 et
919 1407 1004 1450 rosae
1029 1392 1125 1451 siccae
1150 1393 1190 1451 si-

174 1477 285 1539 militer
307 1477 423 1538 infusae
442 1472 522 1555 311,
545 1477 627 1537 croci
649 1473 814 1558 dimidiam,
837 1475 960 1537 meliloti
982 1479 1101 1558 purgati
1125 1480 1191 1541 sine

175 1569 288 1628 semine
311 1567 343 1626 in
361 1583 437 1646 aqua
456 1565 533 1626 cocti
557 1559 874 1645 alintummas
897 1563 1016 1644 pollinis
1039 1565 1060 1632 ὅ
1083 1565 1120 1648 ll,
1143 1569 1192 1627 ovi

175 1657 235 1716 assi
257 1653 389 1716 vitellum
411 1672 519 1734 unum,
547 1651 605 1714 olei
628 1653 741 1714 rosacei
764 1653 844 1732 quod
868 1651 1029 1716 suffecerit.

135 1759 161 1798 aa
264 1743 320 1804 alia
343 1761 418 1822 quae
442 1740 606 1822 appellatur
624 1759 641 1800 a
660 1739 781 1802 Graecis
804 1740 961 1822 dactylica,
984 1739 1014 1802 id
1037 1749 1084 1803 est
1106 1742 1192 1822 podi-

176 1832 260 1913 calis,
288 1830 435 1910 siquidem
457 1829 572 1910 podicis
595 1830 664 1890 vitia
687 1828 833 1892 emendat.
870 1831 977 1909 recipit
1000 1847 1086 1891 cerae
1109 1841 1146 1894 ÷
1169 1829 1194 1913 l,

175 1919 270 1998 adipis
293 1917 437 1998 anserini,
459 1915 574 1996 plumbi
597 1915 758 1998 combusti,
786 1915 940 1979 ambarum
963 1919 1133 1997 specierum
1155 1932 1194 1983 ÷
1278 1979 1279 1984 ,

175 2005 306 2085 singulas
325 2007 429 2086 semis,
451 2005 535 2084 ysopi
554 2005 636 2065 attici
655 2005 733 2086 sarci,
756 2003 871 2088 butyri,
890 2023 1038 2089 cerussae,
1057 2009 1194 2070 omnium
1278 2021 1279 2026 ’

175 2097 266 2157 trium
294 2107 330 2156 -ῑ-
356 2091 450 2155 binas.
493 2089 638 2154 solubilia
655 2091 787 2155 resolves
816 2102 847 2156 et
876 2112 978 2156 rasum
1010 2097 1194 2158 cerotarium
1278 2121 1279 2144 ι

134 2199 161 2238 ao
175 2182 266 2244 aridis
298 2179 513 2288 oommiscebis.
566 2199 681 2243 summe
716 2181 798 2244 ducit
830 2183 999 2244 cicatricem
1032 2185 1064 2244 in
1096 2187 1194 2246 omni·

174 2272 231 2440 bus
254 2272 343 2420 ldibsd
361 2359 611 2420 medicamentum
630 2358 766 2442 edricon,
789 2359 1131 2444 sycoticeoappellatum,
1155 2362 1193 2422 ad

175 2447 379 2526 condylomata
407 2455 437 2508 et
464 2444 586 2526 ragadas
614 2454 644 2508 et
671 2447 708 2508 ad
739 2446 854 2528 podicis
884 2449 1082 2530 inversiones,
1116 2467 1194 2528 quas

248 2632 347 2700 set
391 2615 530 2701 :lom
546 2638 636 2704 aomo
653 2650 675 2690 a.
748 2633 933 2692 fenennae.
1005 2635 1034 2691 r.
1053 2635 1074 2692 1.
1089 2654 1122 2706 p,
1141 2636 1194 2692 uu

173 2704 227 2762 Ic.
300 2719 333 2758 co
374 2702 414 2758 cis
432 2721 458 2771 o,
478 2721 546 2760 -ee
559 2721 590 2774 1³·
663 2705 929 2776 exindecaindep.
1002 2707 1193 2764 elevabisc:

173 2775 240 2832 lava
249 2792 279 2846 p.
353 2781 369 2830 3
383 2775 427 2830 Ad
441 2775 572 2847 ragadiae
587 2791 610 2845 c,
625 2777 756 2859 (ragades
770 2777 828 2833 lud.
840 2781 883 2847 p),
901 2777 943 2832 De
957 2776 1067 2832 diverso
1081 2777 1194 2847 podicis

173 2847 254 2903 vitio.
285 2848 356 2916 1312.
429 2846 652 2904 tanteoedenbs
663 2863 685 2916 p
704 2847 774 2916 (-ti
788 2849 822 2918 e).
894 2853 997 2902 iseaso
1016 2863 1040 2916 c,
1057 2847 1194 2919 ineeeup

174 2919 295 2987 (incessu
308 2920 362 2987 ρο).
435 2924 555 2988 aquam
573 2934 614 2987 cp.
686 2918 763 2989 greci
779 2935 830 2974 om.
840 2935 871 2988 p.
944 2917 1040 2974 edrsm
1054 2935 1088 2987 p,
1107 2917 1195 2975 mant

172 2991 236 3057 (sic)
254 3007 277 3044 c.
350 2989 489 3060 tragoedo
501 3007 535 3059 p,
552 2988 658 3059 rapade
676 3006 699 3044 c.
771 2995 874 3058 'tqnos
894 3005 920 3044 o:
940 3005 1010 3058 quas
1020 3005 1050 3058 p.
1124 2989 1195 3060 fleg·

173 3075 325 3183 palonegdclp.
369 3066 414 3198 eps
433 3059 552 3186 diei'ldlilds
569 3059 623 3115 hoc
641 3063 678 3116 iso
696 3060 808 3115 centula
824 3076 846 3127 c,
864 3059 1011 3142 tubercula
1029 3057 1150 3185 diciilmfruus
1159 3077 1193 3130 p.

226 3147 254 3182 m
302 3146 350 3182 nm
403 3169 410 3182 .
481 3148 492 3183 1
543 3147 768 3201 sump,om.c.
839 3146 1046 3185 rosasaccea
1128 3147 1195 3200 sap

172 3203 236 3324 g-e
254 3201 288 3268 c).
362 3205 395 3253 12
414 3199 546 3256 melliloii
564 3216 606 3270 cp.
680 3207 714 3256 14
732 3201 836 3256 sufficit
854 3217 895 3270 cp.
975 3206 1007 3255 15
1029 3200 1107 3255 eliud
1125 3217 1153 3271 q,
1169 3219 1194 3256 c.

170 3307 171 3310 η
193 3268 304 3325 actilice
322 3285 348 3324 c:
368 3268 508 3325 diertilice
521 3287 552 3340 p.
627 3276 659 3326 16
678 3274 705 3340 ll
723 3288 764 3342 cp.
838 3278 871 3326 1⁷
886 3270 1033 3326 ambarum
1051 3302 1086 3311 -
1105 3277 1195 3327 semis

173 3341 235 3465 (3ίοί
254 3356 280 3394 c:
299 3342 345 3398 eia.
363 3341 390 3408 ἢ
408 3339 428 3394 Ι.
449 3339 475 3395 S.
489 3355 521 3422 p.
605 3346 638 3395 18
658 3342 745 3398 antici
758 3358 789 3412 c,
808 3339 893 3398 antici
908 3359 937 3412 p.
1019 3358 1125 3397 cernae.
1145 3345 1193 3397 ιιῑι.

171 3411 238 3476 31.
248 3427 280 3481 p.
353 3415 387 3465 to
401 3425 565 3466 commarces
579 3428 620 3494 cp.
693 3419 727 3468 22
742 3411 851 3469 ficotice
866 3429 907 3484 cp.
981 3418 1015 3467 23
1032 3411 1153 3483 ragades
1169 3427 1193 3469 c.

172 3483 210 3537 ad
228 3480 337 3554 podicis
356 3481 374 3538 i.
389 3498 425 3553 pa
444 3481 480 3538 nd
498 3481 662 3553 ydroproum
681 3482 698 3538 i.
719 3499 740 3540 e.
