<?xml version="1.0" encoding="UTF-8"?>
<!DOCTYPE html PUBLIC "-//W3C//DTD XHTML 1.0 Transitional//EN"
    "http://www.w3.org/TR/xhtml1/DTD/xhtml1-transitional.dtd">
<html xmlns="http://www.w3.org/1999/xhtml" xml:lang="en" lang="en">
 <head>
  <title>
</title>
<meta http-equiv="Content-Type" content="text/html;charset=utf-8" />
  <meta name='ocr-system' content='tesseract 3.04.00' />
  <meta name='ocr-capabilities' content='ocr_page ocr_carea ocr_par ocr_line ocrx_word'/>
</head>
<body>
  <div class='ocr_page' id='page_1' title='image "./cassiifelicisde00feligoog_0116.png"; bbox 0 0 2588 4028; ppageno 0'>
   <div class='ocr_carea' id='block_1_1' title="bbox 484 240 708 306">
    <p class='ocr_par' dir='ltr' id='par_1_1' title="bbox 484 240 708 306">
     <span class='ocr_line' id='line_1_1' title="bbox 484 240 708 306; baseline 0 -18"><span class='ocrx_word' id='word_1_1' title='bbox 484 240 708 306; x_wconf 70' lang='lat'>...95-</span> 
     </span>
    </p>
   </div>
   <div class='ocr_carea' id='block_1_2' title="bbox 15 385 1192 2152">
    <p class='ocr_par' dir='ltr' id='par_1_2' title="bbox 87 385 1129 822">
     <span class='ocr_line' id='line_1_2' title="bbox 88 385 1104 472; baseline 0.004 -26"><span class='ocrx_word' id='word_1_2' title='bbox 88 387 211 448; x_wconf 87' lang='lat' dir='ltr'><strong>seminis</strong></span> <span class='ocrx_word' id='word_1_3' title='bbox 235 399 260 452; x_wconf 79' lang='lat' dir='ltr'><strong>l.</strong></span> <span class='ocrx_word' id='word_1_4' title='bbox 283 387 310 469; x_wconf 86' lang='lat'><strong>1,</strong></span> <span class='ocrx_word' id='word_1_5' title='bbox 337 389 450 448; x_wconf 87' lang='lat' dir='ltr'><strong>carions</strong></span> <span class='ocrx_word' id='word_1_6' title='bbox 477 389 605 466; x_wconf 78' lang='lat' dir='ltr'>pingues</span> <span class='ocrx_word' id='word_1_7' title='bbox 628 385 747 466; x_wconf 84' lang='lat' dir='ltr'><strong>decem,</strong></span> <span class='ocrx_word' id='word_1_8' title='bbox 773 387 913 450; x_wconf 88' lang='lat' dir='ltr'><strong>strohilos</strong></span> <span class='ocrx_word' id='word_1_9' title='bbox 935 387 1044 450; x_wconf 78' lang='lat' dir='ltr'><strong>virides</strong></span> <span class='ocrx_word' id='word_1_10' title='bbox 1067 387 1104 472; x_wconf 88' lang='lat' dir='ltr'><strong>ll,</strong></span> 
     </span>
     <span class='ocr_line' id='line_1_3' title="bbox 87 474 1103 556; baseline 0.006 -22"><span class='ocrx_word' id='word_1_11' title='bbox 87 492 181 554; x_wconf 86' lang='lat' dir='ltr'><strong>aquae</strong></span> <span class='ocrx_word' id='word_1_12' title='bbox 209 478 355 537; x_wconf 78' lang='lat' dir='ltr'><strong>sextarios</strong></span> <span class='ocrx_word' id='word_1_13' title='bbox 382 495 448 556; x_wconf 86' lang='lat' dir='ltr'><strong>sex,</strong></span> <span class='ocrx_word' id='word_1_14' title='bbox 480 475 577 537; x_wconf 88' lang='lat' dir='ltr'><strong>mollis</strong></span> <span class='ocrx_word' id='word_1_15' title='bbox 609 474 776 555; x_wconf 75' lang='lat' dir='ltr'><strong>despumati</strong></span> <span class='ocrx_word' id='word_1_16' title='bbox 807 478 969 538; x_wconf 76' lang='lat' dir='ltr'><strong>sextadnm</strong></span> <span class='ocrx_word' id='word_1_17' title='bbox 1001 496 1103 540; x_wconf 86' lang='lat' dir='ltr'><strong>unum</strong></span> 
     </span>
     <span class='ocr_line' id='line_1_4' title="bbox 87 563 1102 646; baseline 0.005 -23"><span class='ocrx_word' id='word_1_18' title='bbox 87 563 228 624; x_wconf 78' lang='lat' dir='ltr'><strong>conficies</strong></span> <span class='ocrx_word' id='word_1_19' title='bbox 257 566 336 626; x_wconf 90' lang='lat' dir='ltr'><strong>sicut</strong></span> <span class='ocrx_word' id='word_1_20' title='bbox 367 564 415 624; x_wconf 88' lang='lat' dir='ltr'><strong>dia</strong></span> <span class='ocrx_word' id='word_1_21' title='bbox 442 566 560 644; x_wconf 88' lang='lat' dir='ltr'><strong>prassiu</strong></span> <span class='ocrx_word' id='word_1_22' title='bbox 586 566 727 644; x_wconf 84' lang='lat' dir='ltr'><strong>superius</strong></span> <span class='ocrx_word' id='word_1_23' title='bbox 753 565 785 624; x_wconf 90' lang='lat' dir='ltr'><strong>in</strong></span> <span class='ocrx_word' id='word_1_24' title='bbox 812 563 938 644; x_wconf 74' lang='lat' dir='ltr'><strong>pthisico</strong></span> <span class='ocrx_word' id='word_1_25' title='bbox 964 569 1102 646; x_wconf 77' lang='lat' dir='ltr'><strong>passione</strong></span> 
     </span>
     <span class='ocr_line' id='line_1_5' title="bbox 87 651 1104 733; baseline 0.004 -21"><span class='ocrx_word' id='word_1_26' title='bbox 87 655 295 733; x_wconf 90' lang='lat' dir='ltr'><strong>conscriptum</strong></span> <span class='ocrx_word' id='word_1_27' title='bbox 314 661 344 713; x_wconf 91' lang='lat' dir='ltr'><strong>et</strong></span> <span class='ocrx_word' id='word_1_28' title='bbox 362 651 469 714; x_wconf 82' lang='lat' dir='ltr'><strong>exinde</strong></span> <span class='ocrx_word' id='word_1_29' title='bbox 489 651 572 714; x_wconf 90' lang='lat' dir='ltr'><strong>dahis</strong></span> <span class='ocrx_word' id='word_1_30' title='bbox 591 671 675 714; x_wconf 80' lang='lat' dir='ltr'><strong>mane</strong></span> <span class='ocrx_word' id='word_1_31' title='bbox 694 653 805 714; x_wconf 84' lang='lat' dir='ltr'><strong>ieiunia</strong></span> <span class='ocrx_word' id='word_1_32' title='bbox 817 652 996 716; x_wconf 78' lang='lat' dir='ltr'><strong>coclearium</strong></span> <span class='ocrx_word' id='word_1_33' title='bbox 1009 673 1104 718; x_wconf 89' lang='lat' dir='ltr'><strong>uuum</strong></span> 
     </span>
     <span class='ocr_line' id='line_1_6' title="bbox 87 741 1129 822; baseline 0.002 -20"><span class='ocrx_word' id='word_1_34' title='bbox 87 749 118 802; x_wconf 88' lang='lat' dir='ltr'><strong>et</strong></span> <span class='ocrx_word' id='word_1_35' title='bbox 141 741 234 802; x_wconf 89' lang='lat' dir='ltr'><strong>alium</strong></span> <span class='ocrx_word' id='word_1_36' title='bbox 257 741 293 802; x_wconf 92' lang='lat' dir='ltr'><strong>ad</strong></span> <span class='ocrx_word' id='word_1_37' title='bbox 317 759 480 822; x_wconf 76' lang='lat' dir='ltr'><strong>vesperam.</strong></span> <span class='ocrx_word' id='word_1_38' title='bbox 1116 755 1129 796; x_wconf 77' lang='lat'>⁵</span> 
     </span>
    </p>

    <p class='ocr_par' dir='ltr' id='par_1_3' title="bbox 84 829 1192 1000">
     <span class='ocr_line' id='line_1_7' title="bbox 179 829 1106 910; baseline 0.002 -20"><span class='ocrx_word' id='word_1_39' title='bbox 179 829 258 892; x_wconf 91' lang='lat' dir='ltr'><strong>aliud</strong></span> <span class='ocrx_word' id='word_1_40' title='bbox 292 829 466 910; x_wconf 83' lang='lat' dir='ltr'><strong>dyspnoicis.</strong></span> <span class='ocrx_word' id='word_1_41' title='bbox 516 829 692 891; x_wconf 84' lang='lat' dir='ltr'><strong>abrotanum</strong></span> <span class='ocrx_word' id='word_1_42' title='bbox 727 849 814 892; x_wconf 83' lang='lat' dir='ltr'><strong>uram</strong></span> <span class='ocrx_word' id='word_1_43' title='bbox 850 848 969 910; x_wconf 89' lang='lat' dir='ltr'><strong>passam</strong></span> <span class='ocrx_word' id='word_1_44' title='bbox 1005 840 1106 893; x_wconf 89' lang='lat' dir='ltr'><strong>rutam</strong></span> 
     </span>
     <span class='ocr_line' id='line_1_8' title="bbox 84 915 1192 1000; baseline 0.006 -22"><span class='ocrx_word' id='word_1_45' title='bbox 84 917 178 978; x_wconf 90' lang='lat' dir='ltr'><strong>simul</strong></span> <span class='ocrx_word' id='word_1_46' title='bbox 202 920 232 979; x_wconf 92' lang='lat' dir='ltr'><strong>in</strong></span> <span class='ocrx_word' id='word_1_47' title='bbox 255 935 331 997; x_wconf 87' lang='lat' dir='ltr'><strong>aqua</strong></span> <span class='ocrx_word' id='word_1_48' title='bbox 354 917 515 1000; x_wconf 73' lang='lat' dir='ltr'><strong>decoquas,</strong></span> <span class='ocrx_word' id='word_1_49' title='bbox 539 917 667 998; x_wconf 87' lang='lat' dir='ltr'><strong>liquahis</strong></span> <span class='ocrx_word' id='word_1_50' title='bbox 690 927 721 980; x_wconf 91' lang='lat' dir='ltr'><strong>et</strong></span> <span class='ocrx_word' id='word_1_51' title='bbox 742 921 827 999; x_wconf 91' lang='lat' dir='ltr'><strong>potui</strong></span> <span class='ocrx_word' id='word_1_52' title='bbox 847 915 852 998; x_wconf 84' lang='grc' dir='ltr'>Ι</span> <span class='ocrx_word' id='word_1_53' title='bbox 873 919 966 981; x_wconf 88' lang='lat' dir='ltr'><strong>dahis.</strong></span> <span class='ocrx_word' id='word_1_54' title='bbox 1116 945 1137 986; x_wconf 81' lang='lat' dir='ltr'><strong>a·</strong></span> <span class='ocrx_word' id='word_1_55' title='bbox 1154 932 1192 974; x_wconf 74' lang='lat'><strong>1⁹³</strong></span> 
     </span>
    </p>

    <p class='ocr_par' dir='ltr' id='par_1_4' title="bbox 15 1005 1142 1353">
     <span class='ocr_line' id='line_1_9' title="bbox 176 1005 1099 1091; baseline 0.003 -25"><span class='ocrx_word' id='word_1_56' title='bbox 176 1005 264 1066; x_wconf 92' lang='lat' dir='ltr'><strong>aliud.</strong></span> <span class='ocrx_word' id='word_1_57' title='bbox 305 1008 332 1068; x_wconf 90' lang='lat' dir='ltr'><strong>si</strong></span> <span class='ocrx_word' id='word_1_58' title='bbox 359 1007 436 1068; x_wconf 86' lang='lat' dir='ltr'><strong>lorte</strong></span> <span class='ocrx_word' id='word_1_59' title='bbox 463 1008 600 1069; x_wconf 80' lang='lat' dir='ltr'><strong>nimietas</strong></span> <span class='ocrx_word' id='word_1_60' title='bbox 623 1005 818 1068; x_wconf 86' lang='lat' dir='ltr'><strong>redundantis</strong></span> <span class='ocrx_word' id='word_1_61' title='bbox 842 1008 976 1070; x_wconf 90' lang='lat' dir='ltr'><strong>humoris</strong></span> <span class='ocrx_word' id='word_1_62' title='bbox 999 1009 1099 1091; x_wconf 75' lang='lat' dir='ltr'><strong>interit,</strong></span> 
     </span>
     <span class='ocr_line' id='line_1_10' title="bbox 84 1094 1101 1179; baseline 0.004 -23"><span class='ocrx_word' id='word_1_63' title='bbox 84 1096 216 1156; x_wconf 90' lang='lat' dir='ltr'><strong>trocisco</strong></span> <span class='ocrx_word' id='word_1_64' title='bbox 243 1094 456 1176; x_wconf 86' lang='lat' dir='ltr'><strong>hypocapnisto</strong></span> <span class='ocrx_word' id='word_1_65' title='bbox 484 1097 579 1158; x_wconf 91' lang='lat' dir='ltr'><strong>uteris</strong></span> <span class='ocrx_word' id='word_1_66' title='bbox 605 1095 637 1157; x_wconf 92' lang='lat' dir='ltr'><strong>id</strong></span> <span class='ocrx_word' id='word_1_67' title='bbox 665 1104 711 1158; x_wconf 86' lang='lat' dir='ltr'><strong>est</strong></span> <span class='ocrx_word' id='word_1_68' title='bbox 734 1098 982 1179; x_wconf 81' lang='lat' dir='ltr'><strong>suffumigatorio,</strong></span> <span class='ocrx_word' id='word_1_69' title='bbox 1010 1116 1101 1178; x_wconf 89' lang='lat' dir='ltr'><strong>quem</strong></span> 
     </span>
     <span class='ocr_line' id='line_1_11' title="bbox 85 1183 1142 1264; baseline 0.003 -19"><span class='ocrx_word' id='word_1_70' title='bbox 85 1185 226 1264; x_wconf 87' lang='lat' dir='ltr'><strong>superius</strong></span> <span class='ocrx_word' id='word_1_71' title='bbox 253 1183 290 1244; x_wconf 89' lang='lat' dir='ltr'><strong>ad</strong></span> <span class='ocrx_word' id='word_1_72' title='bbox 313 1183 543 1246; x_wconf 78' lang='lat' dir='ltr'><strong>desiccationem</strong></span> <span class='ocrx_word' id='word_1_73' title='bbox 569 1183 731 1246; x_wconf 90' lang='lat' dir='ltr'><strong>humorum</strong></span> <span class='ocrx_word' id='word_1_74' title='bbox 758 1185 794 1246; x_wconf 89' lang='lat' dir='ltr'><strong>ad</strong></span> <span class='ocrx_word' id='word_1_75' title='bbox 817 1188 924 1248; x_wconf 88' lang='lat' dir='ltr'><strong>tussim</strong></span> <span class='ocrx_word' id='word_1_76' title='bbox 949 1186 1100 1250; x_wconf 81' lang='lat' dir='ltr'><strong>humidam</strong></span> <span class='ocrx_word' id='word_1_77' title='bbox 1115 1203 1142 1244; x_wconf 86' lang='grc' dir='ltr'><strong>ιο</strong></span> 
     </span>
     <span class='ocr_line' id='line_1_12' title="bbox 15 1275 271 1353; baseline 0.004 -20"><span class='ocrx_word' id='word_1_78' title='bbox 15 1291 16 1294; x_wconf 66' lang='grc'>’</span> <span class='ocrx_word' id='word_1_79' title='bbox 86 1275 271 1353; x_wconf 88' lang='lat' dir='ltr'><strong>scripsimus.</strong></span> 
     </span>
    </p>

    <p class='ocr_par' dir='ltr' id='par_1_5' title="bbox 83 1361 1141 2152">
     <span class='ocr_line' id='line_1_13' title="bbox 175 1361 1102 1444; baseline 0.003 -24"><span class='ocrx_word' id='word_1_80' title='bbox 175 1361 341 1425; x_wconf 82' lang='lat' dir='ltr'><strong>antidotum</strong></span> <span class='ocrx_word' id='word_1_81' title='bbox 367 1362 552 1442; x_wconf 78' lang='lat' dir='ltr'><strong>Antipatri</strong></span> <span class='ocrx_word' id='word_1_82' title='bbox 583 1380 620 1423; x_wconf 88' lang='lat' dir='ltr'><strong>ex</strong></span> <span class='ocrx_word' id='word_1_83' title='bbox 655 1371 827 1444; x_wconf 88' lang='lat' dir='ltr'><strong>catatopou,</strong></span> <span class='ocrx_word' id='word_1_84' title='bbox 858 1381 917 1443; x_wconf 89' lang='lat' dir='ltr'><strong>quo</strong></span> <span class='ocrx_word' id='word_1_85' title='bbox 950 1381 1023 1426; x_wconf 88' lang='lat' dir='ltr'><strong>usus</strong></span> <span class='ocrx_word' id='word_1_86' title='bbox 1055 1371 1102 1424; x_wconf 89' lang='lat' dir='ltr'><strong>est</strong></span> 
     </span>
     <span class='ocr_line' id='line_1_14' title="bbox 86 1449 1101 1532; baseline 0.002 -22"><span class='ocrx_word' id='word_1_87' title='bbox 86 1449 242 1512; x_wconf 89' lang='lat' dir='ltr'><strong>Galenus</strong></span> <span class='ocrx_word' id='word_1_88' title='bbox 265 1449 301 1512; x_wconf 84' lang='lat' dir='ltr'><strong>ad</strong></span> <span class='ocrx_word' id='word_1_89' title='bbox 325 1453 479 1512; x_wconf 85' lang='lat' dir='ltr'><strong>universas</strong></span> <span class='ocrx_word' id='word_1_90' title='bbox 502 1459 602 1512; x_wconf 86' lang='lat' dir='ltr'><strong>tusses</strong></span> <span class='ocrx_word' id='word_1_91' title='bbox 625 1459 656 1513; x_wconf 88' lang='lat' dir='ltr'><strong>et</strong></span> <span class='ocrx_word' id='word_1_92' title='bbox 678 1451 826 1530; x_wconf 77' lang='lat' dir='ltr'><strong>dyspnias.</strong></span> <span class='ocrx_word' id='word_1_93' title='bbox 865 1453 974 1532; x_wconf 87' lang='lat' dir='ltr'><strong>recipit</strong></span> <span class='ocrx_word' id='word_1_94' title='bbox 1001 1459 1101 1514; x_wconf 89' lang='lat' dir='ltr'><strong>autem</strong></span> 
     </span>
     <span class='ocr_line' id='line_1_15' title="bbox 85 1537 1100 1621; baseline 0 -21"><span class='ocrx_word' id='word_1_95' title='bbox 85 1541 212 1600; x_wconf 90' lang='lat' dir='ltr'><strong>storacis</strong></span> <span class='ocrx_word' id='word_1_96' title='bbox 234 1540 357 1600; x_wconf 91' lang='lat' dir='ltr'><strong>isaurici</strong></span> <span class='ocrx_word' id='word_1_97' title='bbox 379 1537 415 1598; x_wconf 74' lang='lat' dir='ltr'><strong>dr</strong></span> <span class='ocrx_word' id='word_1_98' title='bbox 438 1537 489 1619; x_wconf 86' lang='lat' dir='ltr'><strong>Vl,</strong></span> <span class='ocrx_word' id='word_1_99' title='bbox 516 1540 633 1600; x_wconf 88' lang='lat' dir='ltr'><strong>resinae</strong></span> <span class='ocrx_word' id='word_1_100' title='bbox 656 1538 853 1602; x_wconf 87' lang='lat' dir='ltr'><strong>terehintinae</strong></span> <span class='ocrx_word' id='word_1_101' title='bbox 875 1539 912 1600; x_wconf 78' lang='lat' dir='ltr'><strong>dr</strong></span> <span class='ocrx_word' id='word_1_102' title='bbox 934 1539 1002 1621; x_wconf 89' lang='lat'>1111,</span> <span class='ocrx_word' id='word_1_103' title='bbox 1029 1559 1100 1620; x_wconf 93' lang='lat' dir='ltr'><strong>opo·</strong></span> 
     </span>
     <span class='ocr_line' id='line_1_16' title="bbox 83 1623 1141 1708; baseline -0.005 -20"><span class='ocrx_word' id='word_1_104' title='bbox 83 1630 206 1708; x_wconf 89' lang='lat' dir='ltr'><strong>panacis</strong></span> <span class='ocrx_word' id='word_1_105' title='bbox 229 1635 259 1688; x_wconf 87' lang='lat' dir='ltr'><strong>et</strong></span> <span class='ocrx_word' id='word_1_106' title='bbox 286 1625 403 1706; x_wconf 83' lang='lat' dir='ltr'><strong>galbani</strong></span> <span class='ocrx_word' id='word_1_107' title='bbox 426 1634 457 1688; x_wconf 87' lang='lat' dir='ltr'><strong>et</strong></span> <span class='ocrx_word' id='word_1_108' title='bbox 479 1628 533 1688; x_wconf 91' lang='lat' dir='ltr'><strong>iris</strong></span> <span class='ocrx_word' id='word_1_109' title='bbox 560 1625 692 1706; x_wconf 82' lang='lat' dir='ltr'><strong>illyricae</strong></span> <span class='ocrx_word' id='word_1_110' title='bbox 719 1623 755 1686; x_wconf 77' lang='lat' dir='ltr'><strong>dr</strong></span> <span class='ocrx_word' id='word_1_111' title='bbox 781 1635 954 1707; x_wconf 85' lang='lat' dir='ltr'><strong>quaternas,</strong></span> <span class='ocrx_word' id='word_1_112' title='bbox 982 1635 1101 1689; x_wconf 82' lang='lat' dir='ltr'><strong>mhmae</strong></span> <span class='ocrx_word' id='word_1_113' title='bbox 1115 1643 1141 1684; x_wconf 81' lang='grc' dir='ltr'><strong>ιι</strong></span> 
     </span>
     <span class='ocr_line' id='line_1_17' title="bbox 85 1713 1100 1795; baseline -0.002 -17"><span class='ocrx_word' id='word_1_114' title='bbox 85 1716 122 1778; x_wconf 71' lang='lat' dir='ltr'><strong>dr</strong></span> <span class='ocrx_word' id='word_1_115' title='bbox 148 1717 176 1776; x_wconf 97' lang='lat' dir='ltr'><strong>ll</strong></span> <span class='ocrx_word' id='word_1_116' title='bbox 200 1715 239 1795; x_wconf 85' lang='lat' dir='ltr'><strong>S,</strong></span> <span class='ocrx_word' id='word_1_117' title='bbox 270 1717 430 1794; x_wconf 85' lang='lat' dir='ltr'><strong>iusquiami</strong></span> <span class='ocrx_word' id='word_1_118' title='bbox 457 1717 580 1778; x_wconf 87' lang='lat' dir='ltr'><strong>seminis</strong></span> <span class='ocrx_word' id='word_1_119' title='bbox 608 1713 666 1776; x_wconf 86' lang='lat' dir='ltr'><strong>albi</strong></span> <span class='ocrx_word' id='word_1_120' title='bbox 694 1713 797 1776; x_wconf 88' lang='lat' dir='ltr'><strong>obolos</strong></span> <span class='ocrx_word' id='word_1_121' title='bbox 824 1722 972 1794; x_wconf 84' lang='lat' dir='ltr'><strong>quattuor.</strong></span> <span class='ocrx_word' id='word_1_122' title='bbox 1014 1715 1100 1776; x_wconf 90' lang='lat' dir='ltr'><strong>melle</strong></span> 
     </span>
     <span class='ocr_line' id='line_1_18' title="bbox 85 1803 1101 1886; baseline -0.001 -21"><span class='ocrx_word' id='word_1_123' title='bbox 85 1803 261 1886; x_wconf 86' lang='lat' dir='ltr'><strong>despumato</strong></span> <span class='ocrx_word' id='word_1_124' title='bbox 284 1803 434 1883; x_wconf 77' lang='lat' dir='ltr'><strong>colligitur</strong></span> <span class='ocrx_word' id='word_1_125' title='bbox 457 1812 488 1866; x_wconf 88' lang='lat' dir='ltr'><strong>et</strong></span> <span class='ocrx_word' id='word_1_126' title='bbox 513 1813 582 1884; x_wconf 93' lang='lat' dir='ltr'><strong>post</strong></span> <span class='ocrx_word' id='word_1_127' title='bbox 605 1822 658 1865; x_wconf 83' lang='lat' dir='ltr'><strong>sex</strong></span> <span class='ocrx_word' id='word_1_128' title='bbox 681 1820 800 1866; x_wconf 86' lang='lat' dir='ltr'><strong>menses</strong></span> <span class='ocrx_word' id='word_1_129' title='bbox 823 1803 929 1866; x_wconf 86' lang='lat' dir='ltr'><strong>exinde</strong></span> <span class='ocrx_word' id='word_1_130' title='bbox 959 1803 1101 1866; x_wconf 90' lang='lat' dir='ltr'><strong>daturin</strong></span> 
     </span>
     <span class='ocr_line' id='line_1_19' title="bbox 85 1891 1101 1974; baseline -0.002 -18"><span class='ocrx_word' id='word_1_131' title='bbox 85 1897 206 1974; x_wconf 88' lang='lat' dir='ltr'><strong>potione</strong></span> <span class='ocrx_word' id='word_1_132' title='bbox 231 1891 314 1956; x_wconf 84' lang='lat' dir='ltr'><strong>labae</strong></span> <span class='ocrx_word' id='word_1_133' title='bbox 333 1895 484 1974; x_wconf 78' lang='lat' dir='ltr'><strong>aegyptiae</strong></span> <span class='ocrx_word' id='word_1_134' title='bbox 503 1893 674 1973; x_wconf 80' lang='lat' dir='ltr'><strong>magnitudo</strong></span> <span class='ocrx_word' id='word_1_135' title='bbox 694 1892 739 1954; x_wconf 88' lang='lat' dir='ltr'><strong>vel</strong></span> <span class='ocrx_word' id='word_1_136' title='bbox 763 1895 921 1972; x_wconf 81' lang='lat' dir='ltr'><strong>quantitas.</strong></span> <span class='ocrx_word' id='word_1_137' title='bbox 958 1891 1008 1954; x_wconf 89' lang='lat' dir='ltr'><strong>alii</strong></span> <span class='ocrx_word' id='word_1_138' title='bbox 1030 1911 1101 1954; x_wconf 88' lang='lat' dir='ltr'><strong>vero</strong></span> 
     </span>
     <span class='ocr_line' id='line_1_20' title="bbox 84 1980 1101 2064; baseline 0 -20"><span class='ocrx_word' id='word_1_139' title='bbox 84 2001 139 2064; x_wconf 91' lang='lat' dir='ltr'><strong>pro</strong></span> <span class='ocrx_word' id='word_1_140' title='bbox 158 1983 259 2044; x_wconf 83' lang='lat' dir='ltr'><strong>resina</strong></span> <span class='ocrx_word' id='word_1_141' title='bbox 277 1981 430 2062; x_wconf 90' lang='lat' dir='ltr'><strong>sulphuris</strong></span> <span class='ocrx_word' id='word_1_142' title='bbox 452 1984 510 2042; x_wconf 83' lang='lat' dir='ltr'><strong>vivi</strong></span> <span class='ocrx_word' id='word_1_143' title='bbox 533 1984 655 2044; x_wconf 89' lang='lat' dir='ltr'><strong>mittunt</strong></span> <span class='ocrx_word' id='word_1_144' title='bbox 675 1980 712 2042; x_wconf 70' lang='lat' dir='ltr'><strong>di</strong></span> <span class='ocrx_word' id='word_1_145' title='bbox 732 1981 746 2042; x_wconf 96' lang='lat' dir='ltr'><strong>l</strong></span> <span class='ocrx_word' id='word_1_146' title='bbox 768 1982 926 2062; x_wconf 88' lang='lat' dir='ltr'><strong>diligenter</strong></span> <span class='ocrx_word' id='word_1_147' title='bbox 948 1983 1101 2064; x_wconf 86' lang='lat' dir='ltr'><strong>iacientes,</strong></span> 
     </span>
     <span class='ocr_line' id='line_1_21' title="bbox 85 2068 1141 2152; baseline -0.004 -20"><span class='ocrx_word' id='word_1_148' title='bbox 85 2073 234 2152; x_wconf 91' lang='lat' dir='ltr'><strong>quianon</strong></span> <span class='ocrx_word' id='word_1_149' title='bbox 253 2068 348 2132; x_wconf 93' lang='lat' dir='ltr'><strong>solum</strong></span> <span class='ocrx_word' id='word_1_150' title='bbox 371 2070 438 2150; x_wconf 91' lang='lat' dir='ltr'><strong>plus</strong></span> <span class='ocrx_word' id='word_1_151' title='bbox 457 2079 598 2150; x_wconf 87' lang='lat' dir='ltr'><strong>operatur</strong></span> <span class='ocrx_word' id='word_1_152' title='bbox 618 2089 686 2132; x_wconf 92' lang='lat' dir='ltr'><strong>cum</strong></span> <span class='ocrx_word' id='word_1_153' title='bbox 708 2070 864 2152; x_wconf 85' lang='lat' dir='ltr'><strong>sulphure,</strong></span> <span class='ocrx_word' id='word_1_154' title='bbox 887 2089 990 2132; x_wconf 91' lang='lat' dir='ltr'><strong>verum</strong></span> <span class='ocrx_word' id='word_1_155' title='bbox 1010 2072 1099 2132; x_wconf 90' lang='lat' dir='ltr'><strong>etiam</strong></span> <span class='ocrx_word' id='word_1_156' title='bbox 1114 2089 1141 2128; x_wconf 82' lang='lat' dir='ltr'><strong>so</strong></span> 
     </span>
    </p>
   </div>
   <div class='ocr_carea' id='block_1_3' title="bbox 81 2272 1102 2633">
    <p class='ocr_par' dir='ltr' id='par_1_6' title="bbox 81 2272 1102 2633">
     <span class='ocr_line' id='line_1_22' title="bbox 158 2272 1102 2346; baseline -0.002 -16"><span class='ocrx_word' id='word_1_157' title='bbox 158 2277 360 2345; x_wconf 73' lang='lat' dir='ltr'><strong>12..I.c(ef.</strong></span> <span class='ocrx_word' id='word_1_158' title='bbox 375 2280 422 2346; x_wconf 76' lang='lat' dir='ltr'><strong>p)=</strong></span> <span class='ocrx_word' id='word_1_159' title='bbox 442 2278 476 2327; x_wconf 80' lang='lat'>÷</span> <span class='ocrx_word' id='word_1_160' title='bbox 495 2275 516 2331; x_wconf 90' lang='grc' dir='ltr'><strong>Ι.</strong></span> <span class='ocrx_word' id='word_1_161' title='bbox 530 2291 555 2345; x_wconf 91' lang='grc'><strong>9.</strong></span> <span class='ocrx_word' id='word_1_162' title='bbox 638 2275 784 2344; x_wconf 73' lang='lat' dir='ltr'><strong>decemp:</strong></span> <span class='ocrx_word' id='word_1_163' title='bbox 806 2291 824 2327; x_wconf 88' lang='lat' dir='ltr'>x</span> <span class='ocrx_word' id='word_1_164' title='bbox 843 2290 884 2343; x_wconf 73' lang='lat' dir='ltr'><strong>cp,</strong></span> <span class='ocrx_word' id='word_1_165' title='bbox 971 2272 1102 2328; x_wconf 82' lang='lat' dir='ltr'><strong>strobiles</strong></span> 
     </span>
     <span class='ocr_line' id='line_1_23' title="bbox 83 2343 1100 2420; baseline -0.005 -15"><span class='ocrx_word' id='word_1_166' title='bbox 83 2351 146 2419; x_wconf 77' lang='lat' dir='ltr'><strong>(sic)</strong></span> <span class='ocrx_word' id='word_1_167' title='bbox 165 2366 192 2420; x_wconf 88' lang='grc'><strong>9,</strong></span> <span class='ocrx_word' id='word_1_168' title='bbox 211 2347 354 2404; x_wconf 81' lang='lat' dir='ltr'><strong>strobillos</strong></span> <span class='ocrx_word' id='word_1_169' title='bbox 368 2364 391 2416; x_wconf 85' lang='lat' dir='ltr'><strong>p</strong></span> <span class='ocrx_word' id='word_1_170' title='bbox 411 2345 540 2417; x_wconf 85' lang='lat' dir='ltr'><strong>(-bilios</strong></span> <span class='ocrx_word' id='word_1_171' title='bbox 553 2348 612 2416; x_wconf 77' lang='lat' dir='ltr'><strong>p0),</strong></span> <span class='ocrx_word' id='word_1_172' title='bbox 634 2343 733 2402; x_wconf 89' lang='lat' dir='ltr'><strong>scobili</strong></span> <span class='ocrx_word' id='word_1_173' title='bbox 753 2361 774 2400; x_wconf 84' lang='lat' dir='ltr'><strong>c.</strong></span> <span class='ocrx_word' id='word_1_174' title='bbox 883 2349 899 2398; x_wconf 72' lang='lat'><strong>2</strong></span> <span class='ocrx_word' id='word_1_175' title='bbox 918 2343 965 2400; x_wconf 88' lang='lat' dir='ltr'><strong>VI.</strong></span> <span class='ocrx_word' id='word_1_176' title='bbox 985 2349 1010 2400; x_wconf 84' lang='lat' dir='ltr'><strong>el</strong></span> <span class='ocrx_word' id='word_1_177' title='bbox 1027 2343 1041 2397; x_wconf 95' lang='grc' dir='ltr'>Ι</span> <span class='ocrx_word' id='word_1_178' title='bbox 1059 2359 1100 2412; x_wconf 79' lang='lat' dir='ltr'><strong>cp.</strong></span> 
     </span>
     <span class='ocr_line' id='line_1_24' title="bbox 82 2413 1100 2489; baseline -0.005 -13"><span class='ocrx_word' id='word_1_179' title='bbox 82 2417 235 2476; x_wconf 85' lang='lat' dir='ltr'><strong>3conficis</strong></span> <span class='ocrx_word' id='word_1_180' title='bbox 252 2435 311 2489; x_wconf 78' lang='lat' dir='ltr'><strong>pop.</strong></span> <span class='ocrx_word' id='word_1_181' title='bbox 385 2416 568 2488; x_wconf 81' lang='lat' dir='ltr'><strong>dioprossium</strong></span> <span class='ocrx_word' id='word_1_182' title='bbox 581 2433 626 2488; x_wconf 81' lang='grc'><strong>99,</strong></span> <span class='ocrx_word' id='word_1_183' title='bbox 646 2415 867 2487; x_wconf 82' lang='lat' dir='ltr'><strong>dioprnssinmc.</strong></span> <span class='ocrx_word' id='word_1_184' title='bbox 938 2413 1042 2486; x_wconf 77' lang='lat' dir='ltr'><strong>ptisics</strong></span> <span class='ocrx_word' id='word_1_185' title='bbox 1053 2417 1100 2487; x_wconf 76' lang='grc'><strong>99,</strong></span> 
     </span>
     <span class='ocr_line' id='line_1_25' title="bbox 81 2485 1100 2562; baseline -0.008 -14"><span class='ocrx_word' id='word_1_186' title='bbox 81 2490 188 2562; x_wconf 79' lang='lat' dir='ltr'><strong>lipsien</strong></span> <span class='ocrx_word' id='word_1_187' title='bbox 206 2507 229 2544; x_wconf 86' lang='lat' dir='ltr'><strong>c.</strong></span> <span class='ocrx_word' id='word_1_188' title='bbox 336 2485 463 2546; x_wconf 82' lang='lat' dir='ltr'><strong>4cocl&#39;r.</strong></span> <span class='ocrx_word' id='word_1_189' title='bbox 483 2488 502 2544; x_wconf 90' lang='grc' dir='ltr'><strong>Ι.</strong></span> <span class='ocrx_word' id='word_1_190' title='bbox 522 2505 564 2558; x_wconf 84' lang='lat' dir='ltr'><strong>cp.</strong></span> <span class='ocrx_word' id='word_1_191' title='bbox 673 2487 795 2542; x_wconf 76' lang='lat' dir='ltr'><strong>balium</strong></span> <span class='ocrx_word' id='word_1_192' title='bbox 818 2504 933 2558; x_wconf 86' lang='lat' dir='ltr'><strong>vespere</strong></span> <span class='ocrx_word' id='word_1_193' title='bbox 952 2503 977 2552; x_wconf 75' lang='lat' dir='ltr'><strong>e</strong></span> <span class='ocrx_word' id='word_1_194' title='bbox 1083 2492 1100 2540; x_wconf 85' lang='lat' dir='ltr'><strong>s</strong></span> 
     </span>
     <span class='ocr_line' id='line_1_26' title="bbox 82 2559 1097 2633; baseline -0.004 -15"><span class='ocrx_word' id='word_1_195' title='bbox 82 2561 237 2633; x_wconf 83' lang='lat' dir='ltr'><strong>dipsnoicis</strong></span> <span class='ocrx_word' id='word_1_196' title='bbox 255 2567 301 2631; x_wconf 58' lang='grc' dir='ltr'><strong>φο</strong></span> <span class='ocrx_word' id='word_1_197' title='bbox 319 2560 481 2630; x_wconf 83' lang='lat' dir='ltr'><strong>(dispnoicis</strong></span> <span class='ocrx_word' id='word_1_198' title='bbox 500 2565 563 2616; x_wconf 81' lang='lat' dir='ltr'><strong>ante</strong></span> <span class='ocrx_word' id='word_1_199' title='bbox 581 2575 650 2616; x_wconf 82' lang='lat' dir='ltr'><strong>corr.</strong></span> <span class='ocrx_word' id='word_1_200' title='bbox 664 2562 707 2630; x_wconf 74' lang='grc' dir='ltr'><strong>9Ι)</strong></span> <span class='ocrx_word' id='word_1_201' title='bbox 779 2559 954 2616; x_wconf 81' lang='lat' dir='ltr'><strong>Aurolanum</strong></span> <span class='ocrx_word' id='word_1_202' title='bbox 970 2575 997 2630; x_wconf 80' lang='grc'><strong>9,</strong></span> <span class='ocrx_word' id='word_1_203' title='bbox 1016 2574 1097 2628; x_wconf 84' lang='lat' dir='ltr'><strong>epro-</strong></span> 
     </span>
    </p>
   </div>
   <div class='ocr_carea' id='block_1_4' title="bbox 81 2637 1100 3576">
    <p class='ocr_par' dir='ltr' id='par_1_7' title="bbox 81 2637 1100 3576">
     <span class='ocr_line' id='line_1_27' title="bbox 81 2637 1100 2719; baseline -0.004 -13"><span class='ocrx_word' id='word_1_204' title='bbox 81 2653 183 2706; x_wconf 80' lang='lat' dir='ltr'><strong>tanum</strong></span> <span class='ocrx_word' id='word_1_205' title='bbox 201 2666 244 2719; x_wconf 78' lang='lat' dir='ltr'><strong>ep.</strong></span> <span class='ocrx_word' id='word_1_206' title='bbox 353 2649 550 2718; x_wconf 87' lang='lat' dir='ltr'><strong>&#39;ldequoques</strong></span> <span class='ocrx_word' id='word_1_207' title='bbox 570 2666 595 2718; x_wconf 87' lang='grc'><strong>9.</strong></span> <span class='ocrx_word' id='word_1_208' title='bbox 704 2637 861 2704; x_wconf 63' lang='grc' dir='ltr'><strong>ΒιιῬόὲειαι</strong></span> <span class='ocrx_word' id='word_1_209' title='bbox 879 2650 890 2718; x_wconf 89' lang='grc'>(</span> <span class='ocrx_word' id='word_1_210' title='bbox 909 2649 940 2716; x_wconf 83' lang='grc'><strong>’)</strong></span> <span class='ocrx_word' id='word_1_211' title='bbox 958 2665 984 2716; x_wconf 86' lang='grc'><strong>9.</strong></span> <span class='ocrx_word' id='word_1_212' title='bbox 1083 2653 1100 2702; x_wconf 83' lang='grc'><strong><em>9</em></strong></span> 
     </span>
     <span class='ocr_line' id='line_1_28' title="bbox 82 2719 1099 2792; baseline -0.005 -15"><span class='ocrx_word' id='word_1_213' title='bbox 82 2721 221 2792; x_wconf 80' lang='lat' dir='ltr'><strong>hypo(ipo</strong></span> <span class='ocrx_word' id='word_1_214' title='bbox 236 2720 409 2790; x_wconf 75' lang='lat' dir='ltr'><strong>elcapnislon</strong></span> <span class='ocrx_word' id='word_1_215' title='bbox 426 2737 472 2790; x_wconf 77' lang='lat' dir='ltr'><strong>gc,</strong></span> <span class='ocrx_word' id='word_1_216' title='bbox 490 2719 695 2792; x_wconf 79' lang='lat' dir='ltr'><strong>ypoonnipston</strong></span> <span class='ocrx_word' id='word_1_217' title='bbox 709 2737 740 2788; x_wconf 80' lang='grc'><strong>9,</strong></span> <span class='ocrx_word' id='word_1_218' title='bbox 822 2719 1057 2788; x_wconf 70' lang='lat' dir='ltr'><strong>&#39;subimagutorio</strong></span> <span class='ocrx_word' id='word_1_219' title='bbox 1077 2735 1099 2786; x_wconf 88' lang='lat' dir='ltr'><strong>c,</strong></span> 
     </span>
     <span class='ocr_line' id='line_1_29' title="bbox 82 2789 1099 2862; baseline -0.004 -16"><span class='ocrx_word' id='word_1_220' title='bbox 82 2791 320 2862; x_wconf 86' lang='lat' dir='ltr'><strong>subfumigatorio</strong></span> <span class='ocrx_word' id='word_1_221' title='bbox 342 2809 377 2862; x_wconf 78' lang='lat' dir='ltr'><strong>pr</strong></span> <span class='ocrx_word' id='word_1_222' title='bbox 405 2790 596 2846; x_wconf 81' lang='lat' dir='ltr'><strong>suffomutorio</strong></span> <span class='ocrx_word' id='word_1_223' title='bbox 623 2807 649 2861; x_wconf 94' lang='grc'><strong>9.</strong></span> <span class='ocrx_word' id='word_1_224' title='bbox 760 2796 793 2844; x_wconf 89' lang='grc'><strong>10</strong></span> <span class='ocrx_word' id='word_1_225' title='bbox 820 2790 856 2844; x_wconf 83' lang='lat' dir='ltr'><strong>ad</strong></span> <span class='ocrx_word' id='word_1_226' title='bbox 882 2791 988 2844; x_wconf 77' lang='lat' dir='ltr'><strong>tursum</strong></span> <span class='ocrx_word' id='word_1_227' title='bbox 1012 2789 1040 2841; x_wconf 91' lang='lat' dir='ltr'><strong>h.</strong></span> <span class='ocrx_word' id='word_1_228' title='bbox 1068 2805 1099 2856; x_wconf 79' lang='lat'><strong>9:</strong></span> 
     </span>
     <span class='ocr_line' id='line_1_30' title="bbox 81 2858 1100 2932; baseline -0.007 -13"><span class='ocrx_word' id='word_1_229' title='bbox 81 2863 170 2920; x_wconf 81' lang='lat' dir='ltr'><strong>tussis</strong></span> <span class='ocrx_word' id='word_1_230' title='bbox 189 2862 302 2918; x_wconf 86' lang='lat' dir='ltr'><strong>humide</strong></span> <span class='ocrx_word' id='word_1_231' title='bbox 322 2879 348 2930; x_wconf 88' lang='lat' dir='ltr'><strong>c,</strong></span> <span class='ocrx_word' id='word_1_232' title='bbox 371 2862 401 2916; x_wconf 93' lang='lat' dir='ltr'><strong>in</strong></span> <span class='ocrx_word' id='word_1_233' title='bbox 419 2861 490 2918; x_wconf 78' lang='lat' dir='ltr'><strong>tussi</strong></span> <span class='ocrx_word' id='word_1_234' title='bbox 507 2862 622 2916; x_wconf 88' lang='lat' dir='ltr'><strong>humide</strong></span> <span class='ocrx_word' id='word_1_235' title='bbox 641 2862 726 2932; x_wconf 85' lang='lat' dir='ltr'><strong>(-d&#39;)</strong></span> <span class='ocrx_word' id='word_1_236' title='bbox 741 2877 772 2929; x_wconf 81' lang='lat' dir='ltr'><strong>p.</strong></span> <span class='ocrx_word' id='word_1_237' title='bbox 869 2865 901 2913; x_wconf 75' lang='lat'><strong>12</strong></span> <span class='ocrx_word' id='word_1_238' title='bbox 921 2875 955 2914; x_wconf 84' lang='lat' dir='ltr'><strong>ex</strong></span> <span class='ocrx_word' id='word_1_239' title='bbox 974 2858 1100 2926; x_wconf 81' lang='lat' dir='ltr'><strong>cstatopi</strong></span> 
     </span>
     <span class='ocr_line' id='line_1_31' title="bbox 82 2922 1099 3004; baseline -0.008 -14"><span class='ocrx_word' id='word_1_240' title='bbox 82 2938 112 3004; x_wconf 82' lang='grc' dir='ltr'><strong>(ι’.</strong></span> <span class='ocrx_word' id='word_1_241' title='bbox 133 2952 154 2989; x_wconf 79' lang='lat' dir='ltr'><strong>e.</strong></span> <span class='ocrx_word' id='word_1_242' title='bbox 175 2949 209 2989; x_wconf 74' lang='lat' dir='ltr'><strong>eat</strong></span> <span class='ocrx_word' id='word_1_243' title='bbox 228 2933 290 2990; x_wconf 73' lang='lat' dir='ltr'><strong>dul.</strong></span> <span class='ocrx_word' id='word_1_244' title='bbox 305 2935 338 2990; x_wconf 80' lang='lat' dir='ltr'><strong>de</strong></span> <span class='ocrx_word' id='word_1_245' title='bbox 356 2949 439 3004; x_wconf 78' lang='lat' dir='ltr'><strong>comp.</strong></span> <span class='ocrx_word' id='word_1_246' title='bbox 459 2935 524 2988; x_wconf 87' lang='lat' dir='ltr'><strong>med.</strong></span> <span class='ocrx_word' id='word_1_247' title='bbox 545 2933 600 2986; x_wconf 76' lang='grc' dir='ltr'><strong>τῶν</strong></span> <span class='ocrx_word' id='word_1_248' title='bbox 618 2928 691 2986; x_wconf 72' lang='grc' dir='ltr'><strong>κατὰ</strong></span> <span class='ocrx_word' id='word_1_249' title='bbox 710 2929 815 2991; x_wconf 78' lang='grc' dir='ltr'><strong>τόπους</strong></span> <span class='ocrx_word' id='word_1_250' title='bbox 835 2929 942 2995; x_wconf 88' lang='lat' dir='ltr'><strong><em>XIII,</em></strong></span> <span class='ocrx_word' id='word_1_251' title='bbox 961 2932 999 2982; x_wconf 84' lang='lat'><strong>66</strong></span> <span class='ocrx_word' id='word_1_252' title='bbox 1018 2922 1099 2982; x_wconf 83' lang='grc' dir='ltr'><strong>Ἀντι-</strong></span> 
     </span>
     <span class='ocr_line' id='line_1_32' title="bbox 82 2996 1099 3080; baseline -0.008 -20"><span class='ocrx_word' id='word_1_253' title='bbox 82 3002 195 3074; x_wconf 69' lang='lat' dir='ltr'><strong>naitono</strong></span> <span class='ocrx_word' id='word_1_254' title='bbox 219 2996 241 3078; x_wconf 77' lang='lat' dir='ltr'><strong>pi</strong></span> <span class='ocrx_word' id='word_1_255' title='bbox 265 3005 385 3074; x_wconf 74' lang='grc' dir='ltr'><strong>χρῶμαι)</strong></span> <span class='ocrx_word' id='word_1_256' title='bbox 408 3007 449 3060; x_wconf 76' lang='lat' dir='ltr'><strong>sic</strong></span> <span class='ocrx_word' id='word_1_257' title='bbox 470 3005 545 3080; x_wconf 64' lang='lat' dir='ltr'><strong>tolus</strong></span> <span class='ocrx_word' id='word_1_258' title='bbox 563 3021 598 3072; x_wconf 75' lang='lat' dir='ltr'><strong>p:</strong></span> <span class='ocrx_word' id='word_1_259' title='bbox 626 3018 676 3057; x_wconf 85' lang='lat' dir='ltr'><strong>om.</strong></span> <span class='ocrx_word' id='word_1_260' title='bbox 700 3018 741 3072; x_wconf 74' lang='grc' dir='ltr'><strong>9ο.</strong></span> <span class='ocrx_word' id='word_1_261' title='bbox 851 3005 883 3054; x_wconf 82' lang='grc'><strong>13</strong></span> <span class='ocrx_word' id='word_1_262' title='bbox 909 2999 1048 3070; x_wconf 73' lang='lat' dir='ltr'><strong>gallienus</strong></span> <span class='ocrx_word' id='word_1_263' title='bbox 1073 3017 1099 3070; x_wconf 84' lang='grc'><strong>9,</strong></span> 
     </span>
     <span class='ocr_line' id='line_1_33' title="bbox 81 3071 1098 3148; baseline -0.005 -15"><span class='ocrx_word' id='word_1_264' title='bbox 81 3077 213 3148; x_wconf 77' lang='lat' dir='ltr'><strong>galienus</strong></span> <span class='ocrx_word' id='word_1_265' title='bbox 232 3093 247 3131; x_wconf 91' lang='lat' dir='ltr'><strong>c</strong></span> <span class='ocrx_word' id='word_1_266' title='bbox 265 3075 338 3146; x_wconf 71' lang='lat' dir='ltr'><strong>(aar</strong></span> <span class='ocrx_word' id='word_1_267' title='bbox 354 3077 397 3145; x_wconf 80' lang='grc'><strong>9).</strong></span> <span class='ocrx_word' id='word_1_268' title='bbox 506 3073 631 3143; x_wconf 82' lang='lat' dir='ltr'><strong>dipsnius</strong></span> <span class='ocrx_word' id='word_1_269' title='bbox 649 3075 719 3142; x_wconf 78' lang='grc' dir='ltr'><strong><em>9(ο),</em></strong></span> <span class='ocrx_word' id='word_1_270' title='bbox 739 3071 844 3126; x_wconf 78' lang='lat' dir='ltr'><strong>diunius</strong></span> <span class='ocrx_word' id='word_1_271' title='bbox 857 3089 889 3140; x_wconf 80' lang='grc'><strong>9.</strong></span> <span class='ocrx_word' id='word_1_272' title='bbox 992 3072 1098 3141; x_wconf 58' lang='lat' dir='ltr'><strong>Mem.</strong></span> 
     </span>
     <span class='ocr_line' id='line_1_34' title="bbox 82 3141 1097 3217; baseline -0.006 -13"><span class='ocrx_word' id='word_1_273' title='bbox 82 3149 190 3216; x_wconf 68' lang='lat' dir='ltr'><strong>numm)</strong></span> <span class='ocrx_word' id='word_1_274' title='bbox 211 3163 251 3217; x_wconf 74' lang='grc'><strong>99.</strong></span> <span class='ocrx_word' id='word_1_275' title='bbox 326 3153 360 3201; x_wconf 86' lang='grc'><strong>14</strong></span> <span class='ocrx_word' id='word_1_276' title='bbox 377 3150 451 3214; x_wconf 83' lang='lat' dir='ltr'><strong>(etc.)</strong></span> <span class='ocrx_word' id='word_1_277' title='bbox 468 3145 538 3215; x_wconf 73' lang='lat' dir='ltr'><strong>drag</strong></span> <span class='ocrx_word' id='word_1_278' title='bbox 556 3163 587 3216; x_wconf 81' lang='grc'><strong>9,</strong></span> <span class='ocrx_word' id='word_1_279' title='bbox 606 3145 640 3198; x_wconf 77' lang='lat' dir='ltr'><strong>di</strong></span> <span class='ocrx_word' id='word_1_280' title='bbox 658 3160 690 3198; x_wconf 89' lang='lat' dir='ltr'><strong>c..</strong></span> <span class='ocrx_word' id='word_1_281' title='bbox 751 3141 864 3198; x_wconf 85' lang='lat' dir='ltr'><strong>isantici</strong></span> <span class='ocrx_word' id='word_1_282' title='bbox 882 3160 910 3212; x_wconf 82' lang='lat' dir='ltr'><strong>c,</strong></span> <span class='ocrx_word' id='word_1_283' title='bbox 927 3142 1048 3200; x_wconf 71' lang='lat' dir='ltr'><strong>houden</strong></span> <span class='ocrx_word' id='word_1_284' title='bbox 1062 3161 1097 3212; x_wconf 79' lang='lat' dir='ltr'><strong>p:</strong></span> 
     </span>
     <span class='ocr_line' id='line_1_35' title="bbox 81 3211 1098 3290; baseline -0.004 -17"><span class='ocrx_word' id='word_1_285' title='bbox 81 3219 222 3275; x_wconf 74' lang='lat' dir='ltr'><strong>isauricae</strong></span> <span class='ocrx_word' id='word_1_286' title='bbox 239 3236 266 3290; x_wconf 90' lang='grc'><strong>9.</strong></span> <span class='ocrx_word' id='word_1_287' title='bbox 355 3223 400 3273; x_wconf 78' lang='lat' dir='ltr'><strong>nri.</strong></span> <span class='ocrx_word' id='word_1_288' title='bbox 421 3223 440 3279; x_wconf 78' lang='lat'>3</span> <span class='ocrx_word' id='word_1_289' title='bbox 458 3215 511 3270; x_wconf 91' lang='lat' dir='ltr'><strong>llll</strong></span> <span class='ocrx_word' id='word_1_290' title='bbox 525 3234 556 3286; x_wconf 82' lang='lat' dir='ltr'><strong>p.</strong></span> <span class='ocrx_word' id='word_1_291' title='bbox 649 3219 681 3270; x_wconf 79' lang='lat'><strong>15</strong></span> <span class='ocrx_word' id='word_1_292' title='bbox 700 3213 802 3270; x_wconf 81' lang='lat' dir='ltr'><strong>minae</strong></span> <span class='ocrx_word' id='word_1_293' title='bbox 820 3232 838 3286; x_wconf 94' lang='grc'><strong><em>9</em></strong></span> <span class='ocrx_word' id='word_1_294' title='bbox 856 3211 990 3285; x_wconf 69' lang='grc' dir='ltr'><strong>(σμύρνης</strong></span> <span class='ocrx_word' id='word_1_295' title='bbox 1008 3215 1098 3282; x_wconf 56' lang='lat' dir='ltr'><strong>Gali:</strong></span> 
     </span>
     <span class='ocr_line' id='line_1_36' title="bbox 82 3287 1097 3358; baseline -0.005 -14"><span class='ocrx_word' id='word_1_296' title='bbox 82 3291 153 3348; x_wconf 87' lang='lat' dir='ltr'><strong>mire</strong></span> <span class='ocrx_word' id='word_1_297' title='bbox 174 3307 200 3357; x_wconf 87' lang='lat' dir='ltr'><strong>e,</strong></span> <span class='ocrx_word' id='word_1_298' title='bbox 220 3289 303 3344; x_wconf 82' lang='lat' dir='ltr'><strong>mirte</strong></span> <span class='ocrx_word' id='word_1_299' title='bbox 317 3305 347 3358; x_wconf 80' lang='lat' dir='ltr'><strong>p.</strong></span> <span class='ocrx_word' id='word_1_300' title='bbox 413 3289 454 3342; x_wconf 87' lang='grc'><strong>’16</strong></span> <span class='ocrx_word' id='word_1_301' title='bbox 474 3287 508 3341; x_wconf 90' lang='lat' dir='ltr'><strong>ll.</strong></span> <span class='ocrx_word' id='word_1_302' title='bbox 528 3287 560 3342; x_wconf 76' lang='lat' dir='ltr'><strong>S:</strong></span> <span class='ocrx_word' id='word_1_303' title='bbox 578 3288 620 3342; x_wconf 82' lang='lat' dir='ltr'><strong>oie</strong></span> <span class='ocrx_word' id='word_1_304' title='bbox 636 3293 708 3358; x_wconf 56' lang='lat' dir='ltr'><strong>plop.</strong></span> <span class='ocrx_word' id='word_1_305' title='bbox 781 3302 846 3341; x_wconf 87' lang='lat' dir='ltr'><strong>oum</strong></span> <span class='ocrx_word' id='word_1_306' title='bbox 861 3287 945 3342; x_wconf 89' lang='lat' dir='ltr'><strong>melle</strong></span> <span class='ocrx_word' id='word_1_307' title='bbox 960 3303 990 3356; x_wconf 80' lang='lat' dir='ltr'><strong>p.</strong></span> <span class='ocrx_word' id='word_1_308' title='bbox 1065 3291 1097 3340; x_wconf 80' lang='lat' dir='ltr'><strong>ta</strong></span> 
     </span>
     <span class='ocr_line' id='line_1_37' title="bbox 82 3356 1099 3431; baseline -0.007 -14"><span class='ocrx_word' id='word_1_309' title='bbox 82 3379 144 3417; x_wconf 85' lang='lat' dir='ltr'><strong>sex:</strong></span> <span class='ocrx_word' id='word_1_310' title='bbox 169 3361 210 3416; x_wconf 83' lang='lat' dir='ltr'><strong>Vl</strong></span> <span class='ocrx_word' id='word_1_311' title='bbox 233 3378 275 3431; x_wconf 82' lang='lat' dir='ltr'><strong>ep.</strong></span> <span class='ocrx_word' id='word_1_312' title='bbox 383 3360 466 3415; x_wconf 80' lang='lat' dir='ltr'><strong>datur</strong></span> <span class='ocrx_word' id='word_1_313' title='bbox 487 3358 566 3428; x_wconf 82' lang='lat' dir='ltr'><strong>polio</strong></span> <span class='ocrx_word' id='word_1_314' title='bbox 588 3359 620 3412; x_wconf 90' lang='lat' dir='ltr'><strong>iu</strong></span> <span class='ocrx_word' id='word_1_315' title='bbox 641 3375 702 3426; x_wconf 82' lang='lat' dir='ltr'><strong>aeg.</strong></span> <span class='ocrx_word' id='word_1_316' title='bbox 727 3356 808 3412; x_wconf 80' lang='lat' dir='ltr'><strong>fabae</strong></span> <span class='ocrx_word' id='word_1_317' title='bbox 830 3357 1055 3428; x_wconf 69' lang='lat' dir='ltr'><strong>magnitudinem</strong></span> <span class='ocrx_word' id='word_1_318' title='bbox 1076 3373 1099 3423; x_wconf 84' lang='lat' dir='ltr'><strong>e,</strong></span> 
     </span>
     <span class='ocr_line' id='line_1_38' title="bbox 82 3426 1099 3502; baseline -0.008 -15"><span class='ocrx_word' id='word_1_319' title='bbox 82 3432 166 3487; x_wconf 84' lang='lat' dir='ltr'><strong>dabis</strong></span> <span class='ocrx_word' id='word_1_320' title='bbox 184 3433 214 3486; x_wconf 91' lang='lat' dir='ltr'><strong>in</strong></span> <span class='ocrx_word' id='word_1_321' title='bbox 237 3429 352 3502; x_wconf 88' lang='lat' dir='ltr'><strong>potione</strong></span> <span class='ocrx_word' id='word_1_322' title='bbox 375 3431 412 3486; x_wconf 87' lang='lat' dir='ltr'><strong>ad</strong></span> <span class='ocrx_word' id='word_1_323' title='bbox 429 3431 449 3486; x_wconf 89' lang='lat' dir='ltr'><strong>f.</strong></span> <span class='ocrx_word' id='word_1_324' title='bbox 470 3447 512 3500; x_wconf 89' lang='lat' dir='ltr'><strong>eg.</strong></span> <span class='ocrx_word' id='word_1_325' title='bbox 532 3429 755 3500; x_wconf 79' lang='lat' dir='ltr'><strong>magnitudinem</strong></span> <span class='ocrx_word' id='word_1_326' title='bbox 769 3447 800 3498; x_wconf 82' lang='grc'><strong>9.</strong></span> <span class='ocrx_word' id='word_1_327' title='bbox 910 3434 943 3483; x_wconf 87' lang='grc'><strong>18</strong></span> <span class='ocrx_word' id='word_1_328' title='bbox 961 3426 1058 3496; x_wconf 84' lang='lat' dir='ltr'><strong>Aliqui</strong></span> <span class='ocrx_word' id='word_1_329' title='bbox 1076 3443 1099 3480; x_wconf 86' lang='lat' dir='ltr'><strong>c.</strong></span> 
     </span>
     <span class='ocr_line' id='line_1_39' title="bbox 84 3501 991 3576; baseline 0 -18"><span class='ocrx_word' id='word_1_330' title='bbox 84 3511 118 3560; x_wconf 88' lang='grc'><strong>19</strong></span> <span class='ocrx_word' id='word_1_331' title='bbox 138 3503 256 3576; x_wconf 74' lang='lat' dir='ltr'><strong>sulphur</strong></span> <span class='ocrx_word' id='word_1_332' title='bbox 274 3506 368 3572; x_wconf 76' lang='lat' dir='ltr'><strong>(—ure</strong></span> <span class='ocrx_word' id='word_1_333' title='bbox 388 3503 411 3569; x_wconf 85' lang='lat' dir='ltr'><strong>c)</strong></span> <span class='ocrx_word' id='word_1_334' title='bbox 430 3501 526 3560; x_wconf 83' lang='lat' dir='ltr'><strong>vivum</strong></span> <span class='ocrx_word' id='word_1_335' title='bbox 544 3518 603 3572; x_wconf 78' lang='lat' dir='ltr'><strong>pop.</strong></span> <span class='ocrx_word' id='word_1_336' title='bbox 677 3506 711 3554; x_wconf 84' lang='lat'><strong>20</strong></span> <span class='ocrx_word' id='word_1_337' title='bbox 729 3503 797 3569; x_wconf 83' lang='lat' dir='ltr'><strong>quia</strong></span> <span class='ocrx_word' id='word_1_338' title='bbox 815 3506 872 3568; x_wconf 76' lang='lat' dir='ltr'><strong>cp0:</strong></span> <span class='ocrx_word' id='word_1_339' title='bbox 893 3515 948 3567; x_wconf 83' lang='lat' dir='ltr'><strong>qua</strong></span> <span class='ocrx_word' id='word_1_340' title='bbox 966 3515 991 3566; x_wconf 51' lang='lat'><strong>92</strong></span> 
     </span>
    </p>
   </div>
   <div class='ocr_carea' id='block_1_5' title="bbox 0 0 1298 4028">
    <p class='ocr_par' dir='ltr' id='par_1_8' title="bbox 0 0 1298 4028">
     <span class='ocr_line' id='line_1_40' title="bbox 0 0 1298 4028; baseline 0 0"><span class='ocrx_word' id='word_1_341' title='bbox 0 0 1298 4028; x_wconf 95' lang='lat' dir='ltr'><strong> </strong></span> 
     </span>
    </p>
   </div>
  </div>
 </body>
</html>
