2558 4022
502 226 696 289 ,3-

96 391 184 452 supra
208 372 317 433 dictam
339 369 543 432 membranam
564 369 611 430 rel
634 367 792 429 cerebrum
814 385 926 448 aquoso
950 377 980 429 et
1003 369 1111 448 frigido

97 461 231 540 flegmate
254 459 407 520 infuderit.
445 475 513 519 nam
532 457 771 536 Hippocrates
794 459 917 518 senior
940 457 1110 536 dogmatum

96 553 235 629 prinecps
257 551 289 609 in
312 549 461 608 aiorismis
484 548 527 608 sic
550 549 604 608 ait:
636 547 737 606 Austri
760 563 864 624 graves
887 547 1014 628 auditui,
1043 545 1111 606 eali·

95 640 205 718 ginosi,
228 639 318 716 capiti
341 633 504 715 gravabiles
527 644 557 695 et
576 634 720 696 dissoluti.

185 727 348 786 curationis
367 732 466 786 autem
485 732 618 802 tempore
633 730 752 802 oportet
766 730 920 801 aegrotum
935 741 971 782 ex
989 721 1137 784 brachios

95 813 301 894 flebotomare,
329 815 354 873 si
387 821 485 874 umen
513 821 609 873 aetate
637 813 752 872 iuvenis
784 811 875 872 fucrit
898 819 928 871 et
946 811 1111 872 secundum

96 911 231 964 naturam
258 920 367 980 corpus
395 901 560 962 ostenderit
588 903 649 962 sive
679 899 868 960 multitudine
893 901 957 960 suci
980 898 1110 979 plenum,

96 991 174 1070 quod
198 990 303 1052 Graeci
325 989 524 1069 plethoricum
547 997 660 1050 vocant.
697 997 727 1050 et
748 990 774 1048 si
796 995 901 1048 venter
923 987 1110 1066 abstinuerit,

95 1080 220 1159 clystere
253 1078 445 1140 deducendus
477 1080 535 1138 erit
565 1096 601 1138 ex
633 1077 807 1138 decoctione
836 1075 1047 1155 coloquintidis
1079 1084 1110 1136 et

95 1170 179 1228 tenui
202 1169 354 1228 centauria
372 1165 471 1226 addito
490 1166 607 1228 modico
626 1165 712 1226 melle
737 1173 767 1228 et
785 1165 850 1226 oleo
874 1167 1002 1225 anetino.
1037 1163 1110 1224 dan·
1125 1179 1151 1219 ιο

95 1257 166 1316 dum
197 1259 286 1316 etiam
318 1257 426 1316 ieiunis
459 1253 556 1316 tribus
588 1253 694 1316 diebus
726 1256 806 1314 inter
838 1253 917 1314 diem
945 1252 1110 1314 antidotum

95 1343 218 1405 Galeni
250 1343 329 1422 quod
363 1346 446 1422 picra
477 1343 649 1422 appellatur.
705 1351 736 1404 et
767 1344 793 1402 si
825 1341 972 1402 adiutoria
999 1337 1111 1420 localia,

95 1451 170 1511 qnae
193 1434 292 1511 topica
314 1430 475 1510 appellant,
505 1434 673 1510 oportuerit
695 1429 849 1512 adhibere,
872 1438 1027 1509 turgentes
1049 1446 1110 1489 ma·
1155 1499 1157 1506 Ι
1266 1449 1268 1462 ·

94 1523 186 1582 terias
222 1535 365 1580 venarum
399 1517 495 1578 media
527 1521 558 1579 in
595 1521 692 1580 fronte
725 1518 852 1599 incides,
889 1526 940 1579 aut
967 1527 1049 1580 certe
1084 1519 1110 1577 si

96 1610 217 1668 minime
239 1608 454 1685 apparuerint,
488 1608 674 1685 sanguisugis
705 1614 798 1666 totam
833 1609 950 1684 operies
982 1607 1111 1666 frontem
1125 1621 1151 1662 15

95 1705 146 1756 aui
160 1694 347 1756 cucurbitam
361 1695 500 1773 occipitio
514 1693 732 1773 conglutinabis
746 1693 844 1754 addita
865 1687 869 1775 t
890 1693 1003 1754 scilicet
1020 1695 1109 1754 scari·
1120 1721 1143 1760 p.
1159 1709 1198 1751 roe

94 1785 212 1846 satione.
259 1790 290 1843 et
317 1784 343 1842 si
371 1784 449 1843 forte
477 1801 513 1843 ex
540 1781 627 1862 plena
654 1782 827 1844 habitudine
856 1783 947 1842 totius
977 1784 1111 1861 corporis

94 1880 183 1953 caput
206 1869 324 1952 impleri
346 1874 491 1954 senseris,
519 1871 598 1950 quod
623 1872 753 1962 quidem·
766 1889 802 1931 ex
826 1871 977 1949 frequenti
999 1872 1110 1932 tinnitu

94 1964 211 2022 cirrium
234 1967 285 2020 ant
307 1961 453 2038 vertigine
473 1967 524 2020 ant
543 1968 611 2021 anie
630 1960 733 2022 oculos
753 1960 886 2021 subiecta
905 1957 1110 2020 tenebratione

94 2052 186 2129 magis
205 2049 385 2128 agnoscitur,
408 2047 534 2108 Galeni
552 2048 714 2110 cathartico
734 2047 781 2108 dia
801 2057 847 2109 tes
866 2047 947 2108 aloes
966 2046 1150 2128 appellatore

93 2138 235 2198 humores
266 2154 321 2216 per
353 2143 488 2196 ventrem
520 2136 670 2217 erogabis,
706 2139 733 2197 si
764 2145 864 2196 tamen
896 2135 998 2196 senilis
1031 2143 1111 2196 aetas

116 2412 122 2425 υ
168 2340 280 2398 idiota
297 2341 425 2396 membra
442 2357 484 2411 go,
503 2341 580 2398 dicta
597 2342 762 2426 membrana
775 2358 806 2410 p.
892 2343 1047 2425 agnoscet
1062 2341 1110 2398 fn'-

93 2413 385 2568 atttcuta
400 2411 1040 2567 auanaiasfntutttcattit
1058 2415 1109 2539 at·

91 2554 192 2624 Lapa).
300 2555 418 2608 austum
434 2571 462 2623 p.
555 2555 665 2638 auditur
684 2571 710 2610 c:
729 2555 832 2610 rudrtm
851 2556 911 2624 (tic)
930 2571 960 2624 9,
980 2555 1109 2626 anditu<i

90 2625 338 2765 mantuae?
348 2628 688 2766 tractarunt
707 2642 784 2764 aa
801 2631 861 2766 12⁵
880 2633 1110 2752 wittani

90 2784 143 2837 pp:
162 2767 187 2821 si
204 2783 262 2822 non
280 2768 356 2821 etate
373 2766 527 2822 iuventutis
545 2769 586 2835 (et
605 2784 659 2824 sec.
678 2769 735 2823 nat.
754 2771 812 2837 etc.)
832 2784 854 2822 c.
927 2774 942 2821 7
962 2767 1062 2835 plenus
1078 2784 1108 2835 p.

91 2839 226 2907 epleton
242 2854 301 2907 ppo.
338 2838 372 2908 os.
393 2836 455 2894 cat.
474 2845 526 2906 12,
545 2843 608 2895 505.
700 2840 730 2894 et
747 2838 771 2894 si
789 2841 892 2920 venter,
904 2854 938 2906 g:
964 2836 1050 2890 fuerit
1066 2836 1109 2890 in·

89 2909 369 3052 ινιξίῗὲεᾳῗΡ-εξίᾥέσ)
444 2915 477 3034 1?
495 2926 598 3035 iegiuffis
616 2912 649 3034 pp
665 2925 752 3049 rodam.
770 2909 925 3051 seompppuppa
947 2910 1108 3050 amdieograrl'?

90 3050 160 3105 lieni
182 3067 214 3120 g,
238 3049 345 3119 galieni
362 3067 401 3119 po
425 3051 621 3120 (denotasse).
710 3052 792 3120 pigra
813 3067 871 3121 ppo
962 3051 999 3105 ei:
1023 3049 1062 3104 sic
1086 3068 1107 3106 c.

92 3127 125 3175 13
146 3137 218 3204 quae
237 3122 278 3190 (ᾗ)
297 3137 324 3175 c:
350 3122 426 3190 quod
444 3121 496 3191 (qd
513 3127 538 3176 ct
556 3124 595 3192 qt)
615 3137 659 3192 pp.
685 3192 691 3204 .
744 3125 886 3193 surgentes
910 3129 974 3206 arcte
992 3137 1062 3204 corr.
1076 3139 1108 3191 p.

90 3199 258 3346 iterun
283 3207 441 3334 tuan
481 3197 514 3246 ¹⁶
534 3194 817 3337 tantautis,
845 3209 1057 3332 <arura
1077 3210 1108 3333 t

89 3333 292 3416 scarificatione
315 3349 356 3403 cp.
413 3340 476 3418 ¹li
497 3336 527 3390 ct
544 3351 594 3418 om.
609 3352 639 3404 p.
714 3342 747 3397 18
767 3337 929 3417 repsentlp.
1009 3338 1043 3387 20
1063 3350 1108 3388 co-

88 3406 280 3530 {popieit-urip,
319 3475 348 3529 di
362 3405 421 3531 gath
436 3406 556 3512 pigal'r
570 3411 624 3476 ρο).
711 3408 845 3462 catartico
864 3407 915 3476 (sec
932 3404 1045 3474 temper)
1063 3421 1108 3473 gp.

282 3491 317 3545 pe
349 3493 390 3532 en
416 3493 466 3546 pc.
486 3493 535 3532 om.
550 3493 576 3546 g.

913 3565 946 3618 1*
