2588 4028
501 222 744 286 —115-

177 433 273 496 XLVI.
311 435 358 495 bd
383 454 422 495 ea
446 453 535 514 quae
560 437 702 496 vesicae
726 435 906 517 accidunt,
929 456 1018 516 quae
1042 459 1057 498 a

113 521 264 583 Graecis
293 532 526 602 symptomata
554 523 798 603 appellantur,
826 542 889 586 nos
917 545 1002 586 vero
1031 530 1124 588 acci·

368 611 490 673 dentia
513 611 635 672 dicere
657 613 869 690 poterimus.

205 733 346 795 Omnium
368 733 531 814 logicorum
555 737 724 796 testimonio
742 742 848 796 natura
866 737 981 797 vesicae
1000 755 1124 798 nervosa

108 821 277 902 indicatur,
310 840 384 901 quae
417 822 472 884 sub
504 825 618 902 ingenti
644 824 837 903 perfrictione
867 835 919 885 aut
945 825 1055 904 frigore
1088 825 1150 886 aba

107 909 239 970 bumore
268 928 416 972 venenoso
448 919 479 972 et
510 911 641 972 mordaci
668 919 802 973 nocetur.
845 909 968 992 <quod>
998 915 1124 975 maxime

108 999 176 1057 fieri
209 997 285 1058 solet
312 997 449 1060 cachexia
477 998 679 1061 laborantibus
707 1000 736 1060 id
764 1009 811 1061 est
843 1001 917 1061 mala
949 999 1123 1063 habitudine

109 1089 254 1164 corporis.
295 1103 364 1147 oros
392 1089 471 1148 enim
499 1091 664 1171 sanguinis,
691 1091 743 1168 qui
770 1088 859 1150 latine
890 1107 992 1151 serum
1024 1090 1122 1170 appel·

12 1171 13 1182 ¹
108 1174 196 1254 latur,
215 1177 267 1254 qrsi
286 1193 321 1235 ex
340 1178 482 1255 sanguine
501 1195 556 1255 per
574 1195 678 1238 venam
698 1179 792 1257 epatis
810 1178 993 1257 depurgator
1011 1182 1122 1240 mixtus

108 1261 170 1322 felli
202 1263 269 1324 rufo
302 1263 485 1325 descendens
519 1267 633 1326 vesicae
667 1265 864 1328 ulcerationes
894 1269 1048 1327 trnlversas
1075 1268 1121 1327 rel
1137 1283 1162 1322 so

108 1353 284 1430 asperitates
307 1361 358 1413 aut
385 1351 566 1414 debilitatem
595 1356 698 1415 nutrit.
740 1354 818 1414 unde
842 1371 946 1415 omnes
968 1356 1121 1434 passiones

106 1440 223 1499 vesicae
241 1439 353 1501 difficili
372 1443 525 1502 curatione
544 1442 710 1502 medentur.
744 1451 814 1502 sunt
832 1459 902 1504 vero
920 1446 1122 1523 suprascripta

106 1527 271 1588 accidentia
298 1528 465 1608 periculosa
492 1529 624 1589 ischuria
651 1530 681 1589 id
710 1537 756 1589 est
783 1547 819 1589 ex
846 1539 909 1590 toto
937 1533 1041 1592 urinae
1070 1531 1120 1592 ab·

106 1617 262 1697 minantia,
285 1624 316 1678 et
334 1617 454 1696 dysuria
472 1617 502 1677 td
521 1625 568 1677 est
587 1619 690 1677 urinae
709 1617 879 1699 difficultas,
905 1627 935 1678 et
954 1622 1121 1698 stranguria

105 1703 136 1763 id
162 1711 208 1764 est
230 1707 334 1766 urinae
357 1705 498 1785 paulatim
519 1723 575 1785 per
598 1713 696 1785 guttas
719 1704 858 1780 exclusio.
1135 1723 1161 1763 15

181 1952 194 1999 1
215 1945 259 2000 Ad
277 1945 369 2001 vesica
386 1946 529 2016 passiones
544 1953 578 2002 46
592 1963 616 2014 c,
635 1947 678 2002 Ad
697 1963 731 2002 ea
749 1963 804 2016 que
820 1947 928 2004 resciae
947 1946 1079 2004 accidunt
1087 1964 1119 2017 p,

105 2017 164 2084 (Ad
187 2017 279 2072 vesice
298 2017 422 2072 dolorem
445 2019 502 2072 ind.
521 2020 563 2088 p).
604 2019 804 2086 asamonaei
826 2035 845 2073 a
867 2023 957 2073 natue
979 2019 1061 2074 initio
1079 2035 1119 2074 se·

104 2092 232 2157 quantur
251 2088 346 2142 octob
364 2087 440 2143 tituli
458 2089 540 2142 verbo
558 2087 600 2142 De
618 2088 663 2143 bis
682 2104 737 2158 que
747 2087 838 2143 vesica
853 2088 984 2144 accidunt
997 2105 1052 2156 que
1068 2133 1073 2144 .
1090 2130 1118 2144 ..

103 2158 286 2228 appellantur
307 2163 354 2214 etc.
379 2175 406 2226 c,
425 2161 466 2212 sic
487 2163 594 2212 raotola
616 2161 649 2213 in
667 2175 702 2226 ps
725 2155 768 2212 Ea
790 2175 844 2226 que
866 2157 958 2212 vesica
979 2157 1118 2212 accidunt.

102 2231 173 2298 (que
191 2232 253 2298 om.)
272 2246 290 2282 a
308 2229 397 2298 grecis
415 2247 435 2284 s.
456 2245 520 2298 app.
619 2235 635 2282 2
654 2229 834 2297 simptomate
852 2244 878 2293 c,
901 2227 1074 2282 sintbomaba
1090 2245 1119 2296 p.

103 2305 120 2353 3
141 2299 261 2355 dicimus
281 2317 302 2354 c.
374 2306 392 2354 4
409 2298 566 2369 logicorum
576 2315 610 2368 p:
630 2315 680 2353 om.
700 2316 722 2353 a.
795 2300 896 2352 natura
915 2329 946 2337 —
966 2297 1117 2353 iudicatur:

103 2389 201 2443 inabos
221 2388 312 2443 vesica
330 2404 431 2444 nervos
442 2388 566 2442 idrcatur
579 2403 602 2454 c,
620 2387 716 2442 vesica
731 2374 788 2442 inu
806 2389 848 2456 (irs
862 2403 947 2456 morp.
958 2387 1119 2469 pfectum)

101 2475 223 2514 nervose
239 2458 382 2514 iudicatur
395 2475 426 2529 p.
499 2465 515 2512 b
534 2459 586 2514 sub
605 2475 631 2514 c:
651 2459 688 2514 ab
702 2475 732 2528 p.
804 2458 1119 2529 ing.perfriet10neeuc

101 2530 210 2599 frigore
229 2546 244 2585 e
260 2531 336 2596 (ium
354 2529 457 2585 Petrae.
472 2546 503 2598 p.
522 2534 605 2599 265)=
629 2529 686 2600 ing.
706 2529 810 2602 frigore
824 2547 855 2600 p.
945 2529 994 2584 ab:
1017 2531 1067 2584 sut
1085 2545 1118 2598 cp

100 2602 215 2668 (Pete).
324 2607 340 2656 6
366 2604 396 2656 et
413 2618 449 2672 p:
473 2602 523 2656 eut
547 2617 561 2656 c
582 2600 688 2670 (Pete).
796 2602 884 2670 quod=
902 2601 956 2656 boc
969 2617 1006 2670 p,
1024 2616 1074 2656 ora.
1095 2617 1117 2655 c.

102 2671 179 2726 solet
200 2670 322 2726 maxime
336 2689 366 2740 p.
458 2677 474 2726 8
495 2687 569 2728 oros:
594 2673 635 2726 sic
653 2687 694 2742 cp.
786 2670 930 2744 sanguinis
949 2701 982 2712 -
1001 2687 1066 2740 epp.
1081 2689 1117 2740 p:

102 2759 154 2797 san
197 2742 270 2798 'nem
293 2759 345 2812 pro
367 2742 500 2798 latitudis
518 2743 579 2798 feru
597 2743 738 2812 apellatur
755 2760 777 2798 c.
877 2749 962 2811 sper
980 2761 1005 2796 v.
1025 2741 1116 2809 epatis

101 2817 149 2880 c(
196 2815 246 2880 r.):
261 2821 349 2868 exues
363 2815 492 2884 separato
501 2831 532 2883 p.
607 2821 640 2868 10
653 2813 724 2870 ruffo
739 2831 764 2869 o:
779 2829 830 2868 suo
839 2830 871 2882 p.
943 2812 1077 2866 descensu
1086 2827 1117 2879 p.

100 2903 128 2940 s.
144 2883 290 2940 universas
303 2885 357 2942 ule.
367 2902 397 2953 p.
463 2891 496 2939 12
512 2903 540 2954 p.
555 2903 580 2939 v.
597 2885 753 2940 eusebonas
768 2883 897 2966 diffi—ciles
911 2881 1078 2952 ingeruntur
1087 2898 1117 2949 p.

103 2971 178 3026 Sunt
196 2972 271 3026 enim
290 2973 450 3042 supradicta
466 2990 497 3042 p,
516 2973 545 3028 Si
562 2987 629 3027 vero
648 2972 705 3028 suis
725 2973 790 3042 (pro
805 2970 855 3040 SS)
874 2985 895 3026 c.
974 2975 1007 3024 13
1026 2970 1118 3025 scuria

101 3045 169 3110 (—a
183 3046 208 3112 c)
223 3059 255 3112 ep
270 3042 376 3113 (Simon
390 3042 675 3113 emensieniensi.
690 3043 725 3098 fe.
739 3039 846 3097 vessica
859 3040 953 3112 passio
970 3057 990 3095 s.
1005 3041 1117 3110 quando

101 3115 200 3169 erfelo
223 3113 378 3184 denegatur
400 3113 479 3168 urine
503 3113 594 3168 exitus
617 3115 689 3168 etc.“
720 3113 754 3181 cf.
776 3113 850 3167 Patr.
867 3129 896 3184 p.
915 3113 992 3182 265).
1083 3119 1117 3167 14

100 3183 210 3239 disuria
229 3186 294 3253 (-a
311 3189 335 3254 c)
354 3201 395 3254 cp.
507 3191 541 3240 16
559 3203 586 3255 p.
605 3201 633 3254 p.
652 3201 679 3255 g.
698 3184 777 3240 crine
796 3183 918 3239 exclusio
934 3201 963 3253 p.
1033 3213 1036 3219 Δ
1071 3201 1117 3239 ex-

101 3255 257 3310 clusionem
280 3258 383 3326 giguit
406 3257 468 3324 (sic)
492 3272 600 3311 morsus
626 3258 656 3310 et
672 3255 809 3312 ulceratio
827 3273 861 3311 ex
879 3254 1069 3310 antecedentis
1088 3256 1115 3308 h.

101 3326 234 3381 acredine
252 3325 314 3382 fieri
332 3327 447 3382 solet..
464 3344 512 3396 .c‚
532 3326 663 3382 exclusio.
700 3343 734 3382 ex
753 3326 943 3383 antecedentis
961 3327 989 3380 h.
1008 3342 1033 3382 a.
1053 3341 1117 3380 con-

99 3400 147 3523 ἓξ
170 3397 224 3522 <etl
244 3397 380 3453 ulceratio
403 3399 467 3453 odd.
492 3397 583 3469 corr.)
606 3397 636 3468 et
653 3398 733 3454 dolor
755 3401 784 3454 el
802 3414 910 3453 morsus
934 3399 962 3451 et
980 3394 1116 3452 ulceratio

136 3467 275 3524 risoet.
292 3511 297 3524 .
314 3511 320 3523 .
331 3485 361 3537 p.

919 3545 957 3607 gb
