2588 4028
491 255 734 316 -147-

1 383 3 481 l
103 397 240 477 flegmate
268 407 298 459 et
324 399 402 460 tellis
429 397 497 458 ilari
524 400 733 460 commixtione
756 397 900 480 efficitur,
929 408 960 459 et
982 399 1118 461 similiter

104 485 153 547 die
169 489 249 548 inter
267 487 348 548 diem
366 489 445 548 sicut
462 485 579 547 aoriltes
596 487 743 547 tertianus
761 493 906 568 movetur,
924 487 1025 548 sedin
1044 490 1118 568 ipsis

103 577 283 636 accessionis
301 575 384 636 horis
403 575 590 637 inordinatus
607 577 769 656 inuenitur,
791 582 822 635 et
845 577 870 636 si
888 578 1023 636 autumni
1043 585 1117 638 tem·

1 703 2 719 ,
100 681 176 742 pore
196 665 288 724 luerit
306 674 403 747 natus,
421 665 453 724 in
472 670 648 742 quartanum
667 663 843 742 frequenter
860 665 986 724 vertitur
1004 673 1117 743 typum.

1 753 2 779 ¹
192 759 353 832 propterea
371 754 534 814 curationis
552 759 686 832 tempore
707 770 744 812 ex
766 753 851 812 initio
870 750 919 812 die
942 753 1020 814 inter
1039 753 1144 814 diemo

99 841 221 901 reficies
244 848 443 922 aegrotantes,
465 840 523 901 hoc
546 848 648 902 estut
670 839 718 901 die
746 843 812 920 ipsa
835 857 893 920 qua
916 843 1116 902 accessionem
1156 899 1162 912 ,

99 931 258 1008 patiuntur
284 931 420 990 ieiunent
446 937 477 990 et
505 929 553 990 die
581 931 696 990 metica
717 930 872 1008 recipiant
914 928 967 988 sed
991 931 1016 989 si
1039 929 1116 990 iorte

101 1019 248 1078 ieiunium
275 1019 397 1078 minime
423 1020 577 1098 potuerint
603 1017 746 1098 tolerare,
772 1019 958 1078 remissionis
981 1026 1115 1098 tempore

1 1128 2 1146 2
101 1105 256 1186 recipiant
300 1114 331 1166 et
356 1113 514 1186 postquam
540 1109 647 1186 pepsin
675 1106 782 1168 lecerit
813 1105 982 1187 aegritudo,
1011 1106 1115 1168 idest

100 1203 169 1273 post
200 1193 255 1254 llll
287 1195 425 1274 periodos
458 1197 520 1256 sive
550 1197 750 1276 accessiones,
783 1212 857 1274 quas
886 1194 992 1256 Graeci
1019 1197 1155 1274 episc-10

102 1285 209 1343 masias
231 1291 349 1358 vocant,
377 1282 550 1364 praecordia
578 1301 684 1344 eorum
711 1282 949 1364 cataplasmnbis,
979 1285 1060 1346 sicut
1082 1285 1114 1344 in

101 1371 317 1453 cotidianariis,
341 1379 371 1432 et
393 1372 468 1433 lanis
491 1372 610 1444 mundis
632 1372 698 1432 loco
720 1371 832 1432 tutabis
856 1379 887 1432 et
908 1370 1061 1452 iasciobis,
1084 1379 1115 1430 et

100 1462 125 1520 si
149 1468 252 1520 venter
280 1478 341 1520 non
368 1461 487 1542 fecerit,
519 1478 579 1520 non
604 1459 688 1520 valde
711 1459 794 1520 molli
819 1459 946 1539 clystere
974 1458 1126 1521 deduces(

1 1539 2 1550 ’
98 1547 183 1608 dabis
215 1550 304 1609 etiam
335 1549 383 1608 his
415 1555 445 1608 et
476 1547 609 1627 ptisanae
641 1565 748 1608 sucum
779 1565 816 1608 ex
848 1557 932 1608 aceto
964 1557 995 1608 et
1026 1546 1113 1608 melle

98 1637 200 1716 puleio
222 1639 325 1717 pipere
349 1638 470 1716 cymino
489 1638 612 1715 origano
636 1636 813 1696 conlectum.
851 1637 940 1696 etiam
962 1645 992 1696 et
1010 1637 1112 1696 urinas
1127 1649 1154 1690 15

96 1723 273 1805 provocabis
296 1743 333 1786 ex
361 1725 536 1786 decoctione
559 1727 619 1804 apii
642 1731 672 1784 ct
694 1723 781 1784 dauci
805 1730 835 1784 et
858 1724 937 1782 aneti
960 1731 990 1783 et
1013 1724 1111 1802 spicae

96 1813 227 1896 indicae,
250 1821 372 1893 etpost
394 1813 468 1874 haec
486 1811 627 1874 absinthii
649 1813 763 1892 pontici
783 1812 963 1872 infusionem
986 1829 1041 1890 per
1059 1813 1111 1872 tri·

0 1945 1 1948 ,
96 1902 190 1964 duum
217 1904 326 1964 ieiunis
354 1901 437 1962 dabis
464 1909 515 1963 aut
542 1901 708 1982 oxymellis,
735 1899 781 1962 vel
809 1919 843 1962 ea
871 1917 948 1979 quae
978 1903 1111 1962 ventrem

97 1990 248 2071 molliunt,
272 1999 302 2052 et
325 1990 449 2055 sanabis.

308 2148 419 2209 LVllll.
456 2148 504 2208 Ad
531 2157 653 2227 typum
677 2147 906 2208 cotidianum.
1127 2162 1153 2202 no

186 2273 287 2354 Typns
315 2273 481 2340 cotidianus
512 2289 619 2350 graeco
648 2269 789 2330 vocabulo
818 2269 1026 2330 amiemerinos
1050 2270 1112 2328 sive

97 2361 316 2424 cathemerinos
340 2359 513 2442 appellatur.
550 2366 580 2420 et
599 2358 728 2420 efficitur
747 2357 803 2420 sub
826 2357 1018 2438 frigidissimo
1041 2357 1111 2436 lieg-

96 2461 176 2511 mate
199 2453 338 2529 quotiens
357 2469 391 2510 os
415 2449 527 2510 ventris
549 2449 614 2527 ipso
637 2447 762 2508 humore
785 2447 877 2508 fuerit
899 2445 1110 2526 infrigidatum.

167 2639 279 2694 2diem
292 2656 324 2708 p.
406 2637 517 2709 ngribes
536 2654 557 2692 c
638 2637 669 2690 in
687 2652 737 2692 om.
758 2653 779 2691 o.
866 2635 1109 2692 tuccessionibus

94 2707 171 2765 horis
190 2727 231 2780 cp.
318 2712 473 2780 autumpno
491 2710 618 2779 tempore
637 2724 660 2774 c,
677 2713 690 2762 i
709 2709 814 2762 antino
832 2707 959 2776 tempore
974 2723 1004 2776 p.
1094 2711 1109 2758 6
1190 2725 1197 2736 ·

93 2781 185 2836 reficis
204 2798 245 2850 cp.
330 2785 345 2832 7
364 2779 491 2836 reficiant
509 2797 530 2836 c.
621 2783 637 2832 8
656 2777 826 2833 remissionis
845 2795 871 2832 c:
892 2775 1063 2831 dimissionis
1077 2791 1108 2843 p.

94 2860 109 2906 9
137 2851 276 2906 refficiant
305 2868 331 2922 c,
361 2852 489 2907 reficient
513 2867 536 2920 p
561 2851 618 2920 (sed
646 2850 679 2904 io
703 2865 789 2918 maru.
811 2853 846 2916 po
871 2855 884 2900 ῑ
909 2843 927 2902 t
952 2845 1108 2914 recipiant).

92 2925 149 3015 pfii
164 2957 195 3009 p,
213 2939 317 3023 possim
336 2940 460 3010 (pessmi)
479 2956 501 2994 c.
576 2944 609 2992 10
628 2935 794 3017 aocmsipnis
811 2952 853 3003 cp.
926 2931 1108 3003 cpisemssias

93 3028 119 3066 cr
140 3011 287 3082 epimrioos
300 3029 331 3081 p.
420 3016 452 3064 12
471 3009 578 3064 tntabis
597 3025 623 3063 c:
641 3005 754 3061 iubebis
768 3023 798 3074 p.
885 3011 917 3058 13
936 3005 1034 3086 ventor
1052 3019 1109 3086 non

92 3082 195 3138 fecerit
202 3100 238 3153 p:
257 3086 355 3138 venter
367 3097 424 3137 non
442 3080 548 3136 fuerint
561 3095 583 3134 c.
656 3075 762 3131 olistcri
777 3093 798 3130 c.
872 3081 907 3128 14
925 3075 1006 3130 dob1s
1021 3077 1108 3156 etiem

93 3157 123 3208 et
140 3153 187 3208 his
204 3154 313 3225 plisnne
327 3171 363 3226 p,
383 3153 452 3208 datu
471 3152 501 3206 et
517 3150 561 3204 ius
581 3151 610 3204 et
627 3147 739 3216 tipsane
759 3164 780 3202 c.
805 3215 809 3224 ¹
872 3151 904 3201 15
924 3146 1049 3216 pullegio
1068 3140 1108 3216 pipi

93 3225 196 3280 cimino
215 3225 330 3295 origano
349 3242 375 3280 c:
399 3221 495 3292 puleio
514 3223 544 3276 et
560 3221 658 3291 pipere
677 3220 707 3272 et
725 3234 831 3290 organo
845 3234 876 3288 p.
967 3218 1053 3273 etiam
1072 3247 1106 3257 -

94 3300 150 3365 (17)
169 3297 239 3350 haec
256 3311 307 3351 om,
326 3313 348 3352 o.
423 3299 456 3348 18
469 3292 580 3348 ieiunus
599 3289 687 3360 (-n⁹)
707 3307 728 3346 c.
801 3288 940 3344 oximellis
957 3305 998 3358 cp.
1072 3293 1107 3344 to

92 3366 249 3421 emolliunt.
351 3372 387 3421 20
405 3364 448 3419 De
466 3364 535 3434 typo
554 3361 732 3431 cotidianop
751 3360 806 3430 (Ad
823 3358 915 3430 tipum
934 3359 1106 3416 cotidianum

92 3437 150 3493 ind.
170 3439 227 3505 op):
246 3437 291 3490 Ad
308 3435 480 3491 cotidianam
496 3452 517 3488 o.
595 3440 629 3488 21
649 3433 818 3488 aiemerinus
833 3449 856 3498 c,
874 3431 1062 3486 smfimerinos
1075 3446 1105 3499 p.

1 3512 2 3523 ¹
92 3513 126 3560 22
146 3507 350 3563 cathemerinos
369 3523 409 3576 cp.

893 3589 946 3643 10*
