<?xml version="1.0" encoding="UTF-8"?>
<!DOCTYPE html PUBLIC "-//W3C//DTD XHTML 1.0 Transitional//EN"
    "http://www.w3.org/TR/xhtml1/DTD/xhtml1-transitional.dtd">
<html xmlns="http://www.w3.org/1999/xhtml" xml:lang="en" lang="en">
 <head>
  <title>
</title>
<meta http-equiv="Content-Type" content="text/html;charset=utf-8" />
  <meta name='ocr-system' content='tesseract 3.04.00' />
  <meta name='ocr-capabilities' content='ocr_page ocr_carea ocr_par ocr_line ocrx_word'/>
</head>
<body>
  <div class='ocr_page' id='page_1' title='image "./cassiifelicisde00feligoog_0153.png"; bbox 0 0 2588 4028; ppageno 0'>
   <div class='ocr_carea' id='block_1_1' title="bbox 577 233 816 296">
    <p class='ocr_par' dir='ltr' id='par_1_1' title="bbox 577 233 816 296">
     <span class='ocr_line' id='line_1_1' title="bbox 577 233 816 296; baseline 0 0"><span class='ocrx_word' id='word_1_1' title='bbox 577 233 816 296; x_wconf 85' lang='lat'><strong>-132-</strong></span> 
     </span>
    </p>
   </div>
   <div class='ocr_carea' id='block_1_2' title="bbox 75 375 1212 2582">
    <p class='ocr_par' dir='ltr' id='par_1_2' title="bbox 75 375 1212 2582">
     <span class='ocr_line' id='line_1_2' title="bbox 192 375 1212 459; baseline -0.002 -18"><span class='ocrx_word' id='word_1_2' title='bbox 192 380 296 459; x_wconf 91' lang='lat' dir='ltr'>pulsus</span> <span class='ocrx_word' id='word_1_3' title='bbox 320 377 455 440; x_wconf 82' lang='lat' dir='ltr'>concedit</span> <span class='ocrx_word' id='word_1_4' title='bbox 479 385 509 438; x_wconf 91' lang='lat' dir='ltr'>et</span> <span class='ocrx_word' id='word_1_5' title='bbox 532 395 641 457; x_wconf 92' lang='lat' dir='ltr'>corpus</span> <span class='ocrx_word' id='word_1_6' title='bbox 664 379 750 456; x_wconf 82' lang='lat' dir='ltr'>nigro</span> <span class='ocrx_word' id='word_1_7' title='bbox 773 375 872 438; x_wconf 90' lang='lat' dir='ltr'>colore</span> <span class='ocrx_word' id='word_1_8' title='bbox 897 377 1039 440; x_wconf 80' lang='lat' dir='ltr'><strong>fuscatur.</strong></span> <span class='ocrx_word' id='word_1_9' title='bbox 1077 378 1212 440; x_wconf 83' lang='lat' dir='ltr'>allicitur</span> 
     </span>
     <span class='ocr_line' id='line_1_3' title="bbox 192 465 1212 546; baseline 0 -18"><span class='ocrx_word' id='word_1_10' title='bbox 192 487 227 528; x_wconf 88' lang='lat' dir='ltr'>ex</span> <span class='ocrx_word' id='word_1_11' title='bbox 261 467 449 528; x_wconf 78' lang='lat' dir='ltr'>antecedenti</span> <span class='ocrx_word' id='word_1_12' title='bbox 480 468 627 526; x_wconf 90' lang='lat' dir='ltr'>maiorum</span> <span class='ocrx_word' id='word_1_13' title='bbox 659 465 793 526; x_wconf 88' lang='lat' dir='ltr'>ciborum</span> <span class='ocrx_word' id='word_1_14' title='bbox 826 465 1023 545; x_wconf 78' lang='lat' dir='ltr'>indigestione</span> <span class='ocrx_word' id='word_1_15' title='bbox 1056 466 1212 546; x_wconf 76' lang='lat' dir='ltr'>frequenti</span> 
     </span>
     <span class='ocr_line' id='line_1_4' title="bbox 192 553 1210 635; baseline 0 -19"><span class='ocrx_word' id='word_1_16' title='bbox 192 565 243 617; x_wconf 91' lang='lat' dir='ltr'>aut</span> <span class='ocrx_word' id='word_1_17' title='bbox 273 555 421 635; x_wconf 79' lang='lat' dir='ltr'>protunda</span> <span class='ocrx_word' id='word_1_18' title='bbox 448 555 642 634; x_wconf 79' lang='lat' dir='ltr'>perfrictione</span> <span class='ocrx_word' id='word_1_19' title='bbox 665 561 717 614; x_wconf 89' lang='lat' dir='ltr'>aut</span> <span class='ocrx_word' id='word_1_20' title='bbox 739 553 819 614; x_wconf 86' lang='lat' dir='ltr'>letali</span> <span class='ocrx_word' id='word_1_21' title='bbox 842 553 908 614; x_wconf 91' lang='lat' dir='ltr'>cibo</span> <span class='ocrx_word' id='word_1_22' title='bbox 933 557 994 616; x_wconf 90' lang='lat' dir='ltr'>sive</span> <span class='ocrx_word' id='word_1_23' title='bbox 1017 557 1140 634; x_wconf 90' lang='lat' dir='ltr'>potione</span> <span class='ocrx_word' id='word_1_24' title='bbox 1163 573 1210 616; x_wconf 93' lang='lat' dir='ltr'>ac-</span> 
     </span>
     <span class='ocr_line' id='line_1_5' title="bbox 192 642 1211 724; baseline 0 -20"><span class='ocrx_word' id='word_1_25' title='bbox 192 653 278 724; x_wconf 88' lang='lat' dir='ltr'>cepta</span> <span class='ocrx_word' id='word_1_26' title='bbox 301 662 389 723; x_wconf 87' lang='lat' dir='ltr'>quam</span> <span class='ocrx_word' id='word_1_27' title='bbox 413 642 518 703; x_wconf 86' lang='lat' dir='ltr'>Graeci</span> <span class='ocrx_word' id='word_1_28' title='bbox 542 642 706 704; x_wconf 88' lang='lat' dir='ltr'>deleterion</span> <span class='ocrx_word' id='word_1_29' title='bbox 729 642 847 722; x_wconf 90' lang='lat' dir='ltr'>dicunt,</span> <span class='ocrx_word' id='word_1_30' title='bbox 870 651 904 703; x_wconf 92' lang='lat' dir='ltr'>ut</span> <span class='ocrx_word' id='word_1_31' title='bbox 926 644 1026 722; x_wconf 85' lang='lat' dir='ltr'>iungis</span> <span class='ocrx_word' id='word_1_32' title='bbox 1050 647 1211 704; x_wconf 85' lang='lat' dir='ltr'>venenosis</span> 
     </span>
     <span class='ocr_line' id='line_1_6' title="bbox 164 731 1211 810; baseline -0.002 -16"><span class='ocrx_word' id='word_1_33' title='bbox 164 747 177 787; x_wconf 74' lang='lat'>⁵</span> <span class='ocrx_word' id='word_1_34' title='bbox 193 735 332 794; x_wconf 88' lang='lat' dir='ltr'>comestis</span> <span class='ocrx_word' id='word_1_35' title='bbox 346 739 397 793; x_wconf 92' lang='lat' dir='ltr'>aut</span> <span class='ocrx_word' id='word_1_36' title='bbox 416 733 555 810; x_wconf 90' lang='lat' dir='ltr'>quotiens</span> <span class='ocrx_word' id='word_1_37' title='bbox 576 733 759 792; x_wconf 90' lang='lat' dir='ltr'>intrinsecus</span> <span class='ocrx_word' id='word_1_38' title='bbox 772 732 803 790; x_wconf 92' lang='lat' dir='ltr'>iu</span> <span class='ocrx_word' id='word_1_39' title='bbox 822 733 895 810; x_wconf 91' lang='lat' dir='ltr'>ipsis</span> <span class='ocrx_word' id='word_1_40' title='bbox 908 731 1047 792; x_wconf 92' lang='lat' dir='ltr'>vitalibus</span> <span class='ocrx_word' id='word_1_41' title='bbox 1066 732 1211 793; x_wconf 86' lang='lat' dir='ltr'>membris</span> 
     </span>
     <span class='ocr_line' id='line_1_7' title="bbox 194 819 1210 902; baseline 0 -20"><span class='ocrx_word' id='word_1_42' title='bbox 194 830 244 883; x_wconf 92' lang='lat' dir='ltr'>aut</span> <span class='ocrx_word' id='word_1_43' title='bbox 267 824 297 882; x_wconf 94' lang='lat' dir='ltr'>in</span> <span class='ocrx_word' id='word_1_44' title='bbox 320 824 385 902; x_wconf 83' lang='lat' dir='ltr'>Ipso</span> <span class='ocrx_word' id='word_1_45' title='bbox 409 827 529 882; x_wconf 91' lang='lat' dir='ltr'>omento</span> <span class='ocrx_word' id='word_1_46' title='bbox 549 821 756 898; x_wconf 81' lang='lat' dir='ltr'>conquassatio</span> <span class='ocrx_word' id='word_1_47' title='bbox 780 827 831 880; x_wconf 78' lang='lat' dir='ltr'>aaut</span> <span class='ocrx_word' id='word_1_48' title='bbox 854 819 984 900; x_wconf 88' lang='lat' dir='ltr'>diruptio</span> <span class='ocrx_word' id='word_1_49' title='bbox 1008 821 1101 880; x_wconf 88' lang='lat' dir='ltr'>luerit</span> <span class='ocrx_word' id='word_1_50' title='bbox 1124 822 1210 882; x_wconf 87' lang='lat' dir='ltr'>lacta.</span> 
     </span>
     <span class='ocr_line' id='line_1_8' title="bbox 281 907 1210 990; baseline 0 -20"><span class='ocrx_word' id='word_1_51' title='bbox 281 912 313 971; x_wconf 94' lang='lat' dir='ltr'>in</span> <span class='ocrx_word' id='word_1_52' title='bbox 336 907 541 970; x_wconf 85' lang='lat' dir='ltr'>curationibus</span> <span class='ocrx_word' id='word_1_53' title='bbox 564 926 634 978; x_wconf 84' lang='lat' dir='ltr'>vero</span> <span class='ocrx_word' id='word_1_54' title='bbox 658 907 768 968; x_wconf 91' lang='lat' dir='ltr'>colicos</span> <span class='ocrx_word' id='word_1_55' title='bbox 792 915 923 990; x_wconf 90' lang='lat' dir='ltr'>oportet,</span> <span class='ocrx_word' id='word_1_56' title='bbox 952 907 983 970; x_wconf 94' lang='lat' dir='ltr'>id</span> <span class='ocrx_word' id='word_1_57' title='bbox 1007 911 1129 988; x_wconf 89' lang='lat' dir='ltr'>estqui</span> <span class='ocrx_word' id='word_1_58' title='bbox 1153 909 1210 970; x_wconf 92' lang='lat' dir='ltr'>coli</span> 
     </span>
     <span class='ocr_line' id='line_1_9' title="bbox 192 995 1210 1078; baseline 0 -20"><span class='ocrx_word' id='word_1_59' title='bbox 192 1000 327 1060; x_wconf 93' lang='lat' dir='ltr'>intestini</span> <span class='ocrx_word' id='word_1_60' title='bbox 353 1005 469 1058; x_wconf 92' lang='lat' dir='ltr'>tautum</span> <span class='ocrx_word' id='word_1_61' title='bbox 498 1015 586 1058; x_wconf 88' lang='lat' dir='ltr'>causa</span> <span class='ocrx_word' id='word_1_62' title='bbox 614 995 824 1078; x_wconf 86' lang='lat' dir='ltr'>laboraverint,</span> <span class='ocrx_word' id='word_1_63' title='bbox 853 999 991 1077; x_wconf 92' lang='lat' dir='ltr'>primitus</span> <span class='ocrx_word' id='word_1_64' title='bbox 1014 999 1044 1058; x_wconf 94' lang='lat' dir='ltr'>in</span> <span class='ocrx_word' id='word_1_65' title='bbox 1069 997 1210 1058; x_wconf 93' lang='lat' dir='ltr'>cruribus</span> 
     </span>
     <span class='ocr_line' id='line_1_10' title="bbox 192 1084 1209 1165; baseline 0.001 -19"><span class='ocrx_word' id='word_1_66' title='bbox 192 1088 218 1148; x_wconf 91' lang='lat' dir='ltr'>si</span> <span class='ocrx_word' id='word_1_67' title='bbox 236 1088 314 1146; x_wconf 85' lang='lat' dir='ltr'>vires</span> <span class='ocrx_word' id='word_1_68' title='bbox 337 1088 492 1165; x_wconf 91' lang='lat' dir='ltr'>patiuntur</span> <span class='ocrx_word' id='word_1_69' title='bbox 511 1103 601 1164; x_wconf 89' lang='lat' dir='ltr'>supra</span> <span class='ocrx_word' id='word_1_70' title='bbox 623 1085 699 1146; x_wconf 90' lang='lat' dir='ltr'>talos</span> <span class='ocrx_word' id='word_1_71' title='bbox 721 1087 881 1146; x_wconf 88' lang='lat' dir='ltr'>interiores</span> <span class='ocrx_word' id='word_1_72' title='bbox 902 1103 992 1146; x_wconf 89' lang='lat' dir='ltr'>venas</span> <span class='ocrx_word' id='word_1_73' title='bbox 1015 1084 1209 1148; x_wconf 89' lang='lat' dir='ltr'>llebotomare</span> 
     </span>
     <span class='ocr_line' id='line_1_11' title="bbox 152 1173 1207 1253; baseline 0.004 -23"><span class='ocrx_word' id='word_1_74' title='bbox 152 1189 178 1228; x_wconf 78' lang='lat' dir='ltr'>ro</span> <span class='ocrx_word' id='word_1_75' title='bbox 192 1182 223 1234; x_wconf 88' lang='lat' dir='ltr'>ot</span> <span class='ocrx_word' id='word_1_76' title='bbox 245 1177 359 1234; x_wconf 91' lang='lat' dir='ltr'>ventris</span> <span class='ocrx_word' id='word_1_77' title='bbox 382 1175 626 1236; x_wconf 86' lang='lat' dir='ltr'>constrictionem</span> <span class='ocrx_word' id='word_1_78' title='bbox 655 1175 764 1234; x_wconf 87' lang='lat' dir='ltr'>acriori</span> <span class='ocrx_word' id='word_1_79' title='bbox 787 1173 913 1253; x_wconf 81' lang='lat' dir='ltr'>clystere</span> <span class='ocrx_word' id='word_1_80' title='bbox 936 1174 1069 1234; x_wconf 83' lang='lat' dir='ltr'>relaxare</span> <span class='ocrx_word' id='word_1_81' title='bbox 1093 1193 1131 1235; x_wconf 85' lang='lat' dir='ltr'>cx</span> <span class='ocrx_word' id='word_1_82' title='bbox 1159 1175 1207 1234; x_wconf 92' lang='lat' dir='ltr'>de·</span> 
     </span>
     <span class='ocr_line' id='line_1_12' title="bbox 192 1261 1208 1342; baseline -0.002 -18"><span class='ocrx_word' id='word_1_83' title='bbox 192 1265 327 1324; x_wconf 88' lang='lat' dir='ltr'>coctione</span> <span class='ocrx_word' id='word_1_84' title='bbox 360 1261 493 1323; x_wconf 87' lang='lat' dir='ltr'>cantabri</span> <span class='ocrx_word' id='word_1_85' title='bbox 523 1271 554 1324; x_wconf 89' lang='lat' dir='ltr'>et</span> <span class='ocrx_word' id='word_1_86' title='bbox 586 1261 797 1342; x_wconf 89' lang='lat' dir='ltr'>coloquintidis</span> <span class='ocrx_word' id='word_1_87' title='bbox 829 1280 897 1322; x_wconf 91' lang='lat' dir='ltr'>oum</span> <span class='ocrx_word' id='word_1_88' title='bbox 929 1262 995 1324; x_wconf 88' lang='lat' dir='ltr'>oleo</span> <span class='ocrx_word' id='word_1_89' title='bbox 1026 1265 1146 1323; x_wconf 83' lang='lat' dir='ltr'>arretino</span> <span class='ocrx_word' id='word_1_90' title='bbox 1179 1271 1208 1322; x_wconf 89' lang='lat' dir='ltr'>et</span> 
     </span>
     <span class='ocr_line' id='line_1_13' title="bbox 191 1349 1207 1413; baseline -0.002 -1"><span class='ocrx_word' id='word_1_91' title='bbox 191 1353 335 1413; x_wconf 80' lang='lat' dir='ltr'>afronitro</span> <span class='ocrx_word' id='word_1_92' title='bbox 364 1369 433 1412; x_wconf 87' lang='lat' dir='ltr'>curn</span> <span class='ocrx_word' id='word_1_93' title='bbox 460 1350 547 1412; x_wconf 91' lang='lat' dir='ltr'>melle</span> <span class='ocrx_word' id='word_1_94' title='bbox 575 1351 700 1412; x_wconf 87' lang='lat' dir='ltr'>modico.</span> <span class='ocrx_word' id='word_1_95' title='bbox 741 1349 887 1411; x_wconf 89' lang='lat' dir='ltr'>utendum</span> <span class='ocrx_word' id='word_1_96' title='bbox 914 1353 1003 1412; x_wconf 91' lang='lat' dir='ltr'>etiam</span> <span class='ocrx_word' id='word_1_97' title='bbox 1032 1360 1062 1412; x_wconf 93' lang='lat' dir='ltr'>et</span> <span class='ocrx_word' id='word_1_98' title='bbox 1090 1351 1207 1412; x_wconf 89' lang='lat' dir='ltr'>sacculo</span> 
     </span>
     <span class='ocr_line' id='line_1_14' title="bbox 192 1439 1209 1522; baseline -0.001 -22"><span class='ocrx_word' id='word_1_99' title='bbox 192 1439 286 1500; x_wconf 88' lang='lat' dir='ltr'>cabdo</span> <span class='ocrx_word' id='word_1_100' title='bbox 315 1457 351 1500; x_wconf 86' lang='lat' dir='ltr'>ex</span> <span class='ocrx_word' id='word_1_101' title='bbox 379 1439 534 1522; x_wconf 88' lang='lat' dir='ltr'>cantabro,</span> <span class='ocrx_word' id='word_1_102' title='bbox 566 1442 598 1500; x_wconf 92' lang='lat' dir='ltr'>in</span> <span class='ocrx_word' id='word_1_103' title='bbox 631 1458 689 1518; x_wconf 92' lang='lat' dir='ltr'>quo</span> <span class='ocrx_word' id='word_1_104' title='bbox 718 1447 804 1500; x_wconf 90' lang='lat' dir='ltr'>antea</span> <span class='ocrx_word' id='word_1_105' title='bbox 831 1439 923 1500; x_wconf 88' lang='lat' dir='ltr'>luerit</span> <span class='ocrx_word' id='word_1_106' title='bbox 955 1439 1097 1500; x_wconf 88' lang='lat' dir='ltr'>decoctus</span> <span class='ocrx_word' id='word_1_107' title='bbox 1128 1441 1209 1500; x_wconf 90' lang='lat' dir='ltr'>aneti</span> 
     </span>
     <span class='ocr_line' id='line_1_15' title="bbox 192 1527 1207 1608; baseline -0.001 -20"><span class='ocrx_word' id='word_1_108' title='bbox 192 1527 360 1607; x_wconf 89' lang='lat' dir='ltr'>manipulus</span> <span class='ocrx_word' id='word_1_109' title='bbox 391 1527 519 1590; x_wconf 83' lang='lat' dir='ltr'>admixto</span> <span class='ocrx_word' id='word_1_110' title='bbox 543 1527 659 1589; x_wconf 91' lang='lat' dir='ltr'>modico</span> <span class='ocrx_word' id='word_1_111' title='bbox 683 1528 761 1608; x_wconf 90' lang='lat' dir='ltr'>oleo,</span> <span class='ocrx_word' id='word_1_112' title='bbox 790 1537 821 1588; x_wconf 88' lang='lat' dir='ltr'>et</span> <span class='ocrx_word' id='word_1_113' title='bbox 848 1527 904 1588; x_wconf 92' lang='lat' dir='ltr'>sub</span> <span class='ocrx_word' id='word_1_114' title='bbox 931 1531 996 1607; x_wconf 94' lang='lat' dir='ltr'>ipsa</span> <span class='ocrx_word' id='word_1_115' title='bbox 1018 1529 1207 1607; x_wconf 89' lang='lat' dir='ltr'>vaporatione</span> 
     </span>
     <span class='ocr_line' id='line_1_16' title="bbox 151 1616 1207 1678; baseline 0.003 -6"><span class='ocrx_word' id='word_1_116' title='bbox 151 1630 178 1671; x_wconf 86' lang='lat'>15</span> <span class='ocrx_word' id='word_1_117' title='bbox 192 1616 322 1677; x_wconf 90' lang='lat' dir='ltr'>adbibita</span> <span class='ocrx_word' id='word_1_118' title='bbox 345 1619 429 1678; x_wconf 92' lang='lat' dir='ltr'>tenui</span> <span class='ocrx_word' id='word_1_119' title='bbox 451 1617 573 1678; x_wconf 93' lang='lat' dir='ltr'>linteolo</span> <span class='ocrx_word' id='word_1_120' title='bbox 597 1635 631 1677; x_wconf 88' lang='lat' dir='ltr'>ao</span> <span class='ocrx_word' id='word_1_121' title='bbox 654 1616 765 1678; x_wconf 91' lang='lat' dir='ltr'>mundo</span> <span class='ocrx_word' id='word_1_122' title='bbox 789 1625 820 1677; x_wconf 91' lang='lat' dir='ltr'>et</span> <span class='ocrx_word' id='word_1_123' title='bbox 839 1616 979 1678; x_wconf 81' lang='lat' dir='ltr'>calefacto</span> <span class='ocrx_word' id='word_1_124' title='bbox 1000 1616 1140 1678; x_wconf 89' lang='lat' dir='ltr'>sudorem</span> <span class='ocrx_word' id='word_1_125' title='bbox 1158 1635 1207 1675; x_wconf 84' lang='lat' dir='ltr'>ex·</span> 
     </span>
     <span class='ocr_line' id='line_1_17' title="bbox 192 1705 1208 1787; baseline -0.002 -21"><span class='ocrx_word' id='word_1_126' title='bbox 192 1708 314 1767; x_wconf 90' lang='lat' dir='ltr'>citatum</span> <span class='ocrx_word' id='word_1_127' title='bbox 338 1706 490 1787; x_wconf 80' lang='lat' dir='ltr'>deterges,</span> <span class='ocrx_word' id='word_1_128' title='bbox 518 1713 549 1766; x_wconf 90' lang='lat' dir='ltr'>et</span> <span class='ocrx_word' id='word_1_129' title='bbox 572 1724 662 1766; x_wconf 90' lang='lat' dir='ltr'>manu</span> <span class='ocrx_word' id='word_1_130' title='bbox 685 1705 825 1766; x_wconf 80' lang='lat' dir='ltr'>calefacta</span> <span class='ocrx_word' id='word_1_131' title='bbox 848 1705 1006 1766; x_wconf 88' lang='lat' dir='ltr'>chalastico</span> <span class='ocrx_word' id='word_1_132' title='bbox 1036 1722 1208 1784; x_wconf 87' lang='lat' dir='ltr'>perungues</span> 
     </span>
     <span class='ocr_line' id='line_1_18' title="bbox 192 1792 1208 1876; baseline 0 -22"><span class='ocrx_word' id='word_1_133' title='bbox 192 1796 331 1873; x_wconf 90' lang='lat' dir='ltr'>superius</span> <span class='ocrx_word' id='word_1_134' title='bbox 363 1797 395 1854; x_wconf 90' lang='lat' dir='ltr'>in</span> <span class='ocrx_word' id='word_1_135' title='bbox 427 1796 556 1854; x_wconf 89' lang='lat' dir='ltr'>tetanica</span> <span class='ocrx_word' id='word_1_136' title='bbox 587 1796 725 1872; x_wconf 88' lang='lat' dir='ltr'>passione</span> <span class='ocrx_word' id='word_1_137' title='bbox 757 1803 936 1876; x_wconf 87' lang='lat' dir='ltr'>memorato,</span> <span class='ocrx_word' id='word_1_138' title='bbox 968 1802 999 1854; x_wconf 89' lang='lat' dir='ltr'>et</span> <span class='ocrx_word' id='word_1_139' title='bbox 1030 1793 1111 1854; x_wconf 94' lang='lat' dir='ltr'>molli</span> <span class='ocrx_word' id='word_1_140' title='bbox 1142 1792 1208 1854; x_wconf 86' lang='lat' dir='ltr'>lana</span> 
     </span>
     <span class='ocr_line' id='line_1_19' title="bbox 191 1881 1208 1944; baseline 0.001 -3"><span class='ocrx_word' id='word_1_141' title='bbox 191 1881 255 1942; x_wconf 89' lang='lat' dir='ltr'>loca</span> <span class='ocrx_word' id='word_1_142' title='bbox 282 1882 393 1942; x_wconf 90' lang='lat' dir='ltr'>tutabis</span> <span class='ocrx_word' id='word_1_143' title='bbox 417 1889 448 1942; x_wconf 89' lang='lat' dir='ltr'>et</span> <span class='ocrx_word' id='word_1_144' title='bbox 476 1881 621 1942; x_wconf 84' lang='lat' dir='ltr'>iasciabis</span> <span class='ocrx_word' id='word_1_145' title='bbox 663 1884 752 1942; x_wconf 89' lang='lat' dir='ltr'>etiam</span> <span class='ocrx_word' id='word_1_146' title='bbox 775 1891 805 1943; x_wconf 93' lang='lat' dir='ltr'>et</span> <span class='ocrx_word' id='word_1_147' title='bbox 828 1882 999 1944; x_wconf 88' lang='lat' dir='ltr'>lenticulam</span> <span class='ocrx_word' id='word_1_148' title='bbox 1022 1899 1139 1942; x_wconf 87' lang='lat' dir='ltr'>aeream</span> <span class='ocrx_word' id='word_1_149' title='bbox 1161 1882 1208 1942; x_wconf 90' lang='lat' dir='ltr'>vel</span> 
     </span>
     <span class='ocr_line' id='line_1_20' title="bbox 191 1968 1207 2049; baseline 0.001 -20"><span class='ocrx_word' id='word_1_150' title='bbox 191 1977 316 2030; x_wconf 90' lang='lat' dir='ltr'>testeam</span> <span class='ocrx_word' id='word_1_151' title='bbox 340 1968 434 2029; x_wconf 91' lang='lat' dir='ltr'>calida</span> <span class='ocrx_word' id='word_1_152' title='bbox 456 1969 601 2048; x_wconf 88' lang='lat' dir='ltr'>repletam</span> <span class='ocrx_word' id='word_1_153' title='bbox 630 1971 703 2048; x_wconf 88' lang='lat' dir='ltr'>ipsis</span> <span class='ocrx_word' id='word_1_154' title='bbox 726 1969 798 2032; x_wconf 93' lang='lat' dir='ltr'>locis</span> <span class='ocrx_word' id='word_1_155' title='bbox 822 1970 991 2032; x_wconf 88' lang='lat' dir='ltr'>dolentibus</span> <span class='ocrx_word' id='word_1_156' title='bbox 1015 1987 1146 2049; x_wconf 89' lang='lat' dir='ltr'>appones</span> <span class='ocrx_word' id='word_1_157' title='bbox 1169 1969 1207 2030; x_wconf 95' lang='lat' dir='ltr'>ob</span> 
     </span>
     <span class='ocr_line' id='line_1_21' title="bbox 151 2055 1108 2136; baseline 0.011 -25"><span class='ocrx_word' id='word_1_158' title='bbox 151 2072 178 2112; x_wconf 77' lang='lat' dir='ltr'>co</span> <span class='ocrx_word' id='word_1_159' title='bbox 192 2055 387 2136; x_wconf 80' lang='lat' dir='ltr'>mitigandum</span> <span class='ocrx_word' id='word_1_160' title='bbox 411 2055 552 2118; x_wconf 89' lang='lat' dir='ltr'>dolorem.</span> <span class='ocrx_word' id='word_1_161' title='bbox 1101 2063 1108 2077; x_wconf 91' lang='lat'>&#39;</span> 
     </span>
     <span class='ocr_line' id='line_1_22' title="bbox 281 2139 1209 2228; baseline 0.003 -23"><span class='ocrx_word' id='word_1_162' title='bbox 281 2139 370 2208; x_wconf 86' lang='lat' dir='ltr'>aliud.</span> <span class='ocrx_word' id='word_1_163' title='bbox 407 2154 528 2207; x_wconf 90' lang='lat' dir='ltr'>anetum</span> <span class='ocrx_word' id='word_1_164' title='bbox 552 2155 582 2208; x_wconf 90' lang='lat' dir='ltr'>et</span> <span class='ocrx_word' id='word_1_165' title='bbox 606 2149 755 2226; x_wconf 82' lang='lat' dir='ltr'>cyminum</span> <span class='ocrx_word' id='word_1_166' title='bbox 779 2146 928 2226; x_wconf 88' lang='lat' dir='ltr'>decoques</span> <span class='ocrx_word' id='word_1_167' title='bbox 951 2149 981 2208; x_wconf 90' lang='lat' dir='ltr'>iu</span> <span class='ocrx_word' id='word_1_168' title='bbox 1007 2146 1064 2208; x_wconf 89' lang='lat' dir='ltr'>olei</span> <span class='ocrx_word' id='word_1_169' title='bbox 1086 2161 1121 2211; x_wconf 87' lang='lat'>÷</span> <span class='ocrx_word' id='word_1_170' title='bbox 1143 2146 1209 2228; x_wconf 94' lang='lat' dir='ltr'>llll,</span> 
     </span>
     <span class='ocr_line' id='line_1_23' title="bbox 193 2235 1208 2315; baseline 0.001 -20"><span class='ocrx_word' id='word_1_171' title='bbox 193 2245 223 2296; x_wconf 90' lang='lat' dir='ltr'>et</span> <span class='ocrx_word' id='word_1_172' title='bbox 245 2236 349 2297; x_wconf 91' lang='lat' dir='ltr'>inicies</span> <span class='ocrx_word' id='word_1_173' title='bbox 372 2242 441 2314; x_wconf 93' lang='lat' dir='ltr'>post</span> <span class='ocrx_word' id='word_1_174' title='bbox 464 2235 680 2315; x_wconf 90' lang='lat' dir='ltr'>depositionem</span> <span class='ocrx_word' id='word_1_175' title='bbox 704 2238 825 2297; x_wconf 89' lang='lat' dir='ltr'>ventris.</span> <span class='ocrx_word' id='word_1_176' title='bbox 862 2244 914 2296; x_wconf 90' lang='lat' dir='ltr'>aut</span> <span class='ocrx_word' id='word_1_177' title='bbox 936 2245 1034 2296; x_wconf 89' lang='lat' dir='ltr'>rutam</span> <span class='ocrx_word' id='word_1_178' title='bbox 1058 2236 1208 2315; x_wconf 88' lang='lat' dir='ltr'>decoques</span> 
     </span>
     <span class='ocr_line' id='line_1_24' title="bbox 75 2322 1208 2409; baseline 0 -26"><span class='ocrx_word' id='word_1_179' title='bbox 75 2390 82 2409; x_wconf 23' lang='grc' dir='ltr'>ἢ</span> <span class='ocrx_word' id='word_1_180' title='bbox 193 2323 329 2393; x_wconf 87' lang='lat' dir='ltr'>similiter</span> <span class='ocrx_word' id='word_1_181' title='bbox 356 2327 388 2384; x_wconf 90' lang='lat' dir='ltr'>in</span> <span class='ocrx_word' id='word_1_182' title='bbox 416 2323 481 2384; x_wconf 87' lang='lat' dir='ltr'>oleo</span> <span class='ocrx_word' id='word_1_183' title='bbox 510 2332 541 2384; x_wconf 92' lang='lat' dir='ltr'>et</span> <span class='ocrx_word' id='word_1_184' title='bbox 569 2322 746 2386; x_wconf 88' lang='lat' dir='ltr'>admiscebis</span> <span class='ocrx_word' id='word_1_185' title='bbox 773 2326 902 2386; x_wconf 82' lang='lat' dir='ltr'>resinam</span> <span class='ocrx_word' id='word_1_186' title='bbox 929 2323 1139 2407; x_wconf 90' lang='lat' dir='ltr'>terebintinam</span> <span class='ocrx_word' id='word_1_187' title='bbox 1172 2324 1208 2384; x_wconf 94' lang='lat' dir='ltr'>ad</span> 
     </span>
     <span class='ocr_line' id='line_1_25' title="bbox 192 2410 790 2492; baseline 0.002 -21"><span class='ocrx_word' id='word_1_188' title='bbox 192 2410 313 2471; x_wconf 91' lang='lat' dir='ltr'>modum</span> <span class='ocrx_word' id='word_1_189' title='bbox 337 2411 475 2472; x_wconf 90' lang='lat' dir='ltr'>coclearii</span> <span class='ocrx_word' id='word_1_190' title='bbox 498 2414 601 2492; x_wconf 92' lang='lat' dir='ltr'>unius,</span> <span class='ocrx_word' id='word_1_191' title='bbox 625 2421 656 2473; x_wconf 89' lang='lat' dir='ltr'>et</span> <span class='ocrx_word' id='word_1_192' title='bbox 678 2416 790 2474; x_wconf 90' lang='lat' dir='ltr'>inicies.</span> 
     </span>
     <span class='ocr_line' id='line_1_26' title="bbox 151 2499 1208 2582; baseline 0.009 -29"><span class='ocrx_word' id='word_1_193' title='bbox 151 2512 177 2554; x_wconf 79' lang='lat'>25</span> <span class='ocrx_word' id='word_1_194' title='bbox 281 2499 368 2560; x_wconf 93' lang='lat' dir='ltr'>aliud.</span> <span class='ocrx_word' id='word_1_195' title='bbox 418 2517 536 2580; x_wconf 89' lang='lat' dir='ltr'>enema,</span> <span class='ocrx_word' id='word_1_196' title='bbox 568 2499 598 2560; x_wconf 94' lang='lat' dir='ltr'>id</span> <span class='ocrx_word' id='word_1_197' title='bbox 626 2511 673 2561; x_wconf 89' lang='lat' dir='ltr'>est</span> <span class='ocrx_word' id='word_1_198' title='bbox 699 2503 832 2582; x_wconf 90' lang='lat' dir='ltr'>iniectio,</span> <span class='ocrx_word' id='word_1_199' title='bbox 860 2501 972 2562; x_wconf 88' lang='lat' dir='ltr'>laciens</span> <span class='ocrx_word' id='word_1_200' title='bbox 1000 2501 1036 2561; x_wconf 90' lang='lat' dir='ltr'>ad</span> <span class='ocrx_word' id='word_1_201' title='bbox 1063 2507 1208 2562; x_wconf 87' lang='lat' dir='ltr'>tumores.</span> 
     </span>
    </p>
   </div>
   <div class='ocr_carea' id='block_1_3' title="bbox 175 2739 1209 3237">
    <p class='ocr_par' dir='ltr' id='par_1_3' title="bbox 175 2739 1209 3237">
     <span class='ocr_line' id='line_1_27' title="bbox 263 2739 1207 2811; baseline 0 -15"><span class='ocrx_word' id='word_1_202' title='bbox 263 2748 277 2796; x_wconf 90' lang='lat'>1</span> <span class='ocrx_word' id='word_1_203' title='bbox 298 2746 333 2796; x_wconf 81' lang='lat' dir='ltr'>cia</span> <span class='ocrx_word' id='word_1_204' title='bbox 352 2739 430 2796; x_wconf 80' lang='lat' dir='ltr'>cadit</span> <span class='ocrx_word' id='word_1_205' title='bbox 447 2759 470 2798; x_wconf 90' lang='lat' dir='ltr'>e.</span> <span class='ocrx_word' id='word_1_206' title='bbox 546 2741 590 2796; x_wconf 86' lang='lat' dir='ltr'>eff.</span> <span class='ocrx_word' id='word_1_207' title='bbox 610 2741 705 2796; x_wconf 80' lang='lat' dir='ltr'>autem</span> <span class='ocrx_word' id='word_1_208' title='bbox 724 2757 747 2795; x_wconf 89' lang='lat' dir='ltr'>e.</span> <span class='ocrx_word' id='word_1_209' title='bbox 762 2758 792 2810; x_wconf 82' lang='lat' dir='ltr'>p.</span> <span class='ocrx_word' id='word_1_210' title='bbox 871 2747 887 2794; x_wconf 98' lang='grc'><strong>2</strong></span> <span class='ocrx_word' id='word_1_211' title='bbox 906 2741 1045 2796; x_wconf 83' lang='lat' dir='ltr'>malorum</span> <span class='ocrx_word' id='word_1_212' title='bbox 1063 2759 1078 2797; x_wconf 87' lang='lat' dir='ltr'>c</span> <span class='ocrx_word' id='word_1_213' title='bbox 1095 2741 1207 2811; x_wconf 66' lang='lat' dir='ltr'>(Pete).</span> 
     </span>
     <span class='ocr_line' id='line_1_28' title="bbox 191 2811 1207 2882; baseline 0 -14"><span class='ocrx_word' id='word_1_214' title='bbox 191 2812 317 2868; x_wconf 87' lang='lat' dir='ltr'>ciborum</span> <span class='ocrx_word' id='word_1_215' title='bbox 335 2829 386 2868; x_wconf 86' lang='lat' dir='ltr'>om.</span> <span class='ocrx_word' id='word_1_216' title='bbox 405 2829 427 2868; x_wconf 90' lang='lat' dir='ltr'>c.</span> <span class='ocrx_word' id='word_1_217' title='bbox 517 2819 533 2867; x_wconf 84' lang='grc'>3</span> <span class='ocrx_word' id='word_1_218' title='bbox 553 2811 750 2882; x_wconf 83' lang='lat' dir='ltr'>perfricatione</span> <span class='ocrx_word' id='word_1_219' title='bbox 764 2829 795 2882; x_wconf 78' lang='lat' dir='ltr'>p.</span> <span class='ocrx_word' id='word_1_220' title='bbox 886 2817 904 2866; x_wconf 88' lang='lat'>4</span> <span class='ocrx_word' id='word_1_221' title='bbox 921 2811 999 2882; x_wconf 82' lang='lat' dir='ltr'>greci</span> <span class='ocrx_word' id='word_1_222' title='bbox 1021 2829 1071 2867; x_wconf 84' lang='lat' dir='ltr'>om.</span> <span class='ocrx_word' id='word_1_223' title='bbox 1086 2830 1118 2882; x_wconf 83' lang='lat' dir='ltr'>p.</span> <span class='ocrx_word' id='word_1_224' title='bbox 1192 2821 1207 2868; x_wconf 85' lang='grc'>6</span> 
     </span>
     <span class='ocr_line' id='line_1_29' title="bbox 189 2882 1208 2955; baseline 0.002 -18"><span class='ocrx_word' id='word_1_225' title='bbox 189 2884 266 2940; x_wconf 80' lang='lat' dir='ltr'>facta</span> <span class='ocrx_word' id='word_1_226' title='bbox 282 2902 314 2955; x_wconf 81' lang='lat' dir='ltr'>p:</span> <span class='ocrx_word' id='word_1_227' title='bbox 334 2886 402 2939; x_wconf 81' lang='lat' dir='ltr'>nete</span> <span class='ocrx_word' id='word_1_228' title='bbox 420 2900 443 2938; x_wconf 87' lang='lat' dir='ltr'>e.</span> <span class='ocrx_word' id='word_1_229' title='bbox 517 2890 532 2938; x_wconf 84' lang='lat' dir='ltr'>&#39;l</span> <span class='ocrx_word' id='word_1_230' title='bbox 552 2883 686 2939; x_wconf 86' lang='lat' dir='ltr'>colericos</span> <span class='ocrx_word' id='word_1_231' title='bbox 699 2900 731 2953; x_wconf 81' lang='lat' dir='ltr'>p.</span> <span class='ocrx_word' id='word_1_232' title='bbox 803 2882 860 2938; x_wconf 90' lang='lat' dir='ltr'>ooli</span> <span class='ocrx_word' id='word_1_233' title='bbox 873 2899 924 2938; x_wconf 87' lang='lat' dir='ltr'>om.</span> <span class='ocrx_word' id='word_1_234' title='bbox 939 2900 969 2952; x_wconf 85' lang='lat' dir='ltr'>p.</span> <span class='ocrx_word' id='word_1_235' title='bbox 1045 2890 1078 2938; x_wconf 90' lang='lat'>11</span> <span class='ocrx_word' id='word_1_236' title='bbox 1099 2886 1129 2939; x_wconf 80' lang='lat' dir='ltr'>et</span> <span class='ocrx_word' id='word_1_237' title='bbox 1146 2884 1208 2939; x_wconf 86' lang='lat' dir='ltr'>eolo</span> 
     </span>
     <span class='ocr_line' id='line_1_30' title="bbox 175 2953 1208 3023; baseline 0 -15"><span class='ocrx_word' id='word_1_238' title='bbox 175 2955 259 3023; x_wconf 49' lang='lat' dir='ltr'>¹quin</span> <span class='ocrx_word' id='word_1_239' title='bbox 282 2955 367 3011; x_wconf 80' lang='lat' dir='ltr'>etiem</span> <span class='ocrx_word' id='word_1_240' title='bbox 391 2955 420 3009; x_wconf 79' lang='lat' dir='ltr'>et</span> <span class='ocrx_word' id='word_1_241' title='bbox 443 2955 538 3010; x_wconf 82' lang='lat' dir='ltr'>seculo</span> <span class='ocrx_word' id='word_1_242' title='bbox 557 2961 605 3010; x_wconf 86' lang='lat' dir='ltr'>etc.</span> <span class='ocrx_word' id='word_1_243' title='bbox 625 2958 686 3022; x_wconf 85' lang='lat' dir='ltr'>(om.</span> <span class='ocrx_word' id='word_1_244' title='bbox 709 2953 778 3008; x_wconf 83' lang='lat' dir='ltr'>tidie</span> <span class='ocrx_word' id='word_1_245' title='bbox 797 2971 860 3008; x_wconf 90' lang='lat' dir='ltr'>cum</span> <span class='ocrx_word' id='word_1_246' title='bbox 884 2954 947 3008; x_wconf 92' lang='lat' dir='ltr'>oleo</span> <span class='ocrx_word' id='word_1_247' title='bbox 966 2983 1000 2994; x_wconf 86' lang='lat'><em>-</em></span> <span class='ocrx_word' id='word_1_248' title='bbox 1019 2955 1167 3022; x_wconf 81' lang='lat' dir='ltr'>utendum)</span> <span class='ocrx_word' id='word_1_249' title='bbox 1185 2972 1208 3010; x_wconf 87' lang='lat' dir='ltr'>e.</span> 
     </span>
     <span class='ocr_line' id='line_1_31' title="bbox 191 3025 1209 3096; baseline 0.001 -17"><span class='ocrx_word' id='word_1_250' title='bbox 191 3032 224 3079; x_wconf 83' lang='lat'>13</span> <span class='ocrx_word' id='word_1_251' title='bbox 244 3025 391 3082; x_wconf 87' lang='lat' dir='ltr'>decoctum</span> <span class='ocrx_word' id='word_1_252' title='bbox 409 3043 434 3082; x_wconf 84' lang='lat' dir='ltr'>e.</span> <span class='ocrx_word' id='word_1_253' title='bbox 453 3025 641 3096; x_wconf 74' lang='lat' dir='ltr'>manipulum:</span> <span class='ocrx_word' id='word_1_254' title='bbox 659 3026 700 3080; x_wconf 81' lang='lat' dir='ltr'>sic</span> <span class='ocrx_word' id='word_1_255' title='bbox 717 3041 758 3093; x_wconf 85' lang='lat' dir='ltr'>op.</span> <span class='ocrx_word' id='word_1_256' title='bbox 866 3031 900 3079; x_wconf 80' lang='lat'>14</span> <span class='ocrx_word' id='word_1_257' title='bbox 919 3025 980 3094; x_wconf 87' lang='lat' dir='ltr'>ipso</span> <span class='ocrx_word' id='word_1_258' title='bbox 998 3042 1020 3082; x_wconf 87' lang='lat' dir='ltr'>c.</span> <span class='ocrx_word' id='word_1_259' title='bbox 1127 3032 1160 3080; x_wconf 79' lang='lat'>15</span> <span class='ocrx_word' id='word_1_260' title='bbox 1180 3028 1209 3080; x_wconf 81' lang='lat' dir='ltr'>et</span> 
     </span>
     <span class='ocr_line' id='line_1_32' title="bbox 190 3095 1208 3178; baseline 0.001 -28"><span class='ocrx_word' id='word_1_261' title='bbox 190 3097 268 3178; x_wconf 84' lang='lat' dir='ltr'>(post</span> <span class='ocrx_word' id='word_1_262' title='bbox 285 3097 400 3165; x_wconf 86' lang='lat' dir='ltr'>mundo)</span> <span class='ocrx_word' id='word_1_263' title='bbox 419 3112 469 3152; x_wconf 75' lang='lat' dir='ltr'>oen.</span> <span class='ocrx_word' id='word_1_264' title='bbox 482 3114 513 3166; x_wconf 84' lang='lat' dir='ltr'>p.</span> <span class='ocrx_word' id='word_1_265' title='bbox 597 3103 632 3152; x_wconf 88' lang='lat'>18</span> <span class='ocrx_word' id='word_1_266' title='bbox 649 3097 714 3151; x_wconf 80' lang='lat' dir='ltr'>loca</span> <span class='ocrx_word' id='word_1_267' title='bbox 731 3112 763 3166; x_wconf 82' lang='lat' dir='ltr'>p:</span> <span class='ocrx_word' id='word_1_268' title='bbox 782 3095 846 3150; x_wconf 80' lang='lat' dir='ltr'>locv&#39;r</span> <span class='ocrx_word' id='word_1_269' title='bbox 865 3113 887 3152; x_wconf 87' lang='lat' dir='ltr'>e.</span> <span class='ocrx_word' id='word_1_270' title='bbox 959 3095 1066 3151; x_wconf 76' lang='lat' dir='ltr'>tutabis</span> <span class='ocrx_word' id='word_1_271' title='bbox 1080 3113 1106 3152; x_wconf 87' lang='lat' dir='ltr'>c:</span> <span class='ocrx_word' id='word_1_272' title='bbox 1126 3097 1208 3152; x_wconf 82' lang='lat' dir='ltr'>buba-</span> 
     </span>
     <span class='ocr_line' id='line_1_33' title="bbox 189 3165 1207 3237; baseline 0.001 -16"><span class='ocrx_word' id='word_1_273' title='bbox 189 3166 233 3222; x_wconf 88' lang='lat' dir='ltr'>b1s</span> <span class='ocrx_word' id='word_1_274' title='bbox 247 3169 289 3236; x_wconf 76' lang='lat' dir='ltr'>(ot</span> <span class='ocrx_word' id='word_1_275' title='bbox 301 3184 388 3236; x_wconf 77' lang='lat' dir='ltr'>supra</span> <span class='ocrx_word' id='word_1_276' title='bbox 401 3172 514 3237; x_wconf 71' lang='lat' dir='ltr'>seraper)</span> <span class='ocrx_word' id='word_1_277' title='bbox 523 3185 555 3237; x_wconf 81' lang='lat' dir='ltr'>p.</span> <span class='ocrx_word' id='word_1_278' title='bbox 623 3166 710 3237; x_wconf 74' lang='lat' dir='ltr'>etiam</span> <span class='ocrx_word' id='word_1_279' title='bbox 723 3197 757 3207; x_wconf 96' lang='lat'>—</span> <span class='ocrx_word' id='word_1_280' title='bbox 773 3165 934 3222; x_wconf 85' lang='lat' dir='ltr'>dolentibus</span> <span class='ocrx_word' id='word_1_281' title='bbox 948 3183 998 3222; x_wconf 74' lang='lat' dir='ltr'>oro.</span> <span class='ocrx_word' id='word_1_282' title='bbox 1013 3184 1035 3222; x_wconf 87' lang='lat' dir='ltr'>c.</span> <span class='ocrx_word' id='word_1_283' title='bbox 1110 3174 1144 3222; x_wconf 81' lang='grc'>12</span> <span class='ocrx_word' id='word_1_284' title='bbox 1159 3167 1207 3222; x_wconf 91' lang='lat' dir='ltr'>ob-</span> 
     </span>
    </p>
   </div>
   <div class='ocr_carea' id='block_1_4' title="bbox 188 3237 1207 3556">
    <p class='ocr_par' dir='ltr' id='par_1_4' title="bbox 188 3237 1207 3556">
     <span class='ocr_line' id='line_1_34' title="bbox 190 3237 1207 3342; baseline 0.002 -16"><span class='ocrx_word' id='word_1_285' title='bbox 190 3271 360 3339; x_wconf 69' lang='lat' dir='ltr'>mittigando</span> <span class='ocrx_word' id='word_1_286' title='bbox 374 3288 397 3336; x_wconf 85' lang='lat' dir='ltr'>e,</span> <span class='ocrx_word' id='word_1_287' title='bbox 412 3237 622 3342; x_wconf 62' lang='lat' dir='ltr'>bbmittigendia</span> <span class='ocrx_word' id='word_1_288' title='bbox 635 3289 666 3341; x_wconf 80' lang='lat' dir='ltr'>p.</span> <span class='ocrx_word' id='word_1_289' title='bbox 741 3279 774 3328; x_wconf 88' lang='grc'>21</span> <span class='ocrx_word' id='word_1_290' title='bbox 789 3275 904 3328; x_wconf 83' lang='lat' dir='ltr'>anetum</span> <span class='ocrx_word' id='word_1_291' title='bbox 917 3269 1054 3342; x_wconf 75' lang='grc' dir='ltr'>(ἄνηθον)</span> <span class='ocrx_word' id='word_1_292' title='bbox 1068 3304 1102 3314; x_wconf 90' lang='grc'><strong>-</strong></span> <span class='ocrx_word' id='word_1_293' title='bbox 1117 3279 1154 3328; x_wconf 87' lang='grc'>24</span> <span class='ocrx_word' id='word_1_294' title='bbox 1173 3299 1207 3319; x_wconf 80' lang='lat'><em>=</em></span> 
     </span>
     <span class='ocr_line' id='line_1_35' title="bbox 191 3341 1206 3414; baseline 0.003 -20"><span class='ocrx_word' id='word_1_295' title='bbox 191 3342 239 3396; x_wconf 86' lang='lat' dir='ltr'>Ps.</span> <span class='ocrx_word' id='word_1_296' title='bbox 259 3341 322 3397; x_wconf 80' lang='lat' dir='ltr'>Gal.</span> <span class='ocrx_word' id='word_1_297' title='bbox 344 3342 433 3410; x_wconf 84' lang='lat' dir='ltr'>XIV,</span> <span class='ocrx_word' id='word_1_298' title='bbox 453 3347 515 3399; x_wconf 83' lang='lat'><em>379.</em></span> <span class='ocrx_word' id='word_1_299' title='bbox 590 3342 675 3398; x_wconf 77' lang='lat' dir='ltr'>cimrfi</span> <span class='ocrx_word' id='word_1_300' title='bbox 688 3361 720 3414; x_wconf 78' lang='lat' dir='ltr'>p,</span> <span class='ocrx_word' id='word_1_301' title='bbox 739 3361 841 3399; x_wconf 88' lang='lat' dir='ltr'>-num</span> <span class='ocrx_word' id='word_1_302' title='bbox 860 3361 875 3399; x_wconf 88' lang='lat' dir='ltr'>e</span> <span class='ocrx_word' id='word_1_303' title='bbox 892 3345 938 3413; x_wconf 72' lang='lat' dir='ltr'>(cf.</span> <span class='ocrx_word' id='word_1_304' title='bbox 958 3343 1021 3401; x_wconf 80' lang='lat' dir='ltr'>Gal.</span> <span class='ocrx_word' id='word_1_305' title='bbox 1039 3345 1114 3412; x_wconf 89' lang='lat' dir='ltr'>XIII,</span> <span class='ocrx_word' id='word_1_306' title='bbox 1133 3347 1206 3413; x_wconf 81' lang='grc'><strong>267).</strong></span> 
     </span>
     <span class='ocr_line' id='line_1_36' title="bbox 188 3411 1207 3484; baseline 0.003 -19"><span class='ocrx_word' id='word_1_307' title='bbox 188 3414 216 3480; x_wconf 51' lang='grc' dir='ltr'><em>ἢ</em></span> <span class='ocrx_word' id='word_1_308' title='bbox 234 3412 295 3467; x_wconf 90' lang='lat'><em>1111.</em></span> <span class='ocrx_word' id='word_1_309' title='bbox 310 3431 342 3483; x_wconf 82' lang='lat' dir='ltr'>p,</span> <span class='ocrx_word' id='word_1_310' title='bbox 363 3411 466 3482; x_wconf 72' lang='lat'><em>3-1111.</em></span> <span class='ocrx_word' id='word_1_311' title='bbox 486 3431 508 3472; x_wconf 88' lang='lat' dir='ltr'>c.</span> <span class='ocrx_word' id='word_1_312' title='bbox 587 3420 620 3469; x_wconf 86' lang='grc'>23</span> <span class='ocrx_word' id='word_1_313' title='bbox 640 3415 667 3469; x_wconf 90' lang='lat' dir='ltr'>d.</span> <span class='ocrx_word' id='word_1_314' title='bbox 686 3415 717 3470; x_wconf 89' lang='lat' dir='ltr'>in</span> <span class='ocrx_word' id='word_1_315' title='bbox 735 3415 796 3471; x_wconf 91' lang='lat' dir='ltr'>oleo</span> <span class='ocrx_word' id='word_1_316' title='bbox 820 3414 950 3470; x_wconf 81' lang='lat' dir='ltr'>similitor</span> <span class='ocrx_word' id='word_1_317' title='bbox 962 3432 994 3484; x_wconf 83' lang='lat' dir='ltr'>p.</span> <span class='ocrx_word' id='word_1_318' title='bbox 1066 3413 1207 3470; x_wconf 80' lang='lat' dir='ltr'>admisces</span> 
     </span>
     <span class='ocr_line' id='line_1_37' title="bbox 189 3484 671 3556; baseline 0.006 -19"><span class='ocrx_word' id='word_1_319' title='bbox 189 3500 229 3553; x_wconf 78' lang='lat' dir='ltr'>tp.</span> <span class='ocrx_word' id='word_1_320' title='bbox 303 3490 337 3538; x_wconf 80' lang='grc'>24</span> <span class='ocrx_word' id='word_1_321' title='bbox 356 3484 449 3541; x_wconf 87' lang='lat' dir='ltr'>cocl&#39;r.</span> <span class='ocrx_word' id='word_1_322' title='bbox 468 3485 489 3543; x_wconf 93' lang='lat'>1.</span> <span class='ocrx_word' id='word_1_323' title='bbox 509 3485 558 3555; x_wconf 82' lang='lat'>(1⁹.</span> <span class='ocrx_word' id='word_1_324' title='bbox 573 3487 606 3556; x_wconf 80' lang='lat' dir='ltr'>p)</span> <span class='ocrx_word' id='word_1_325' title='bbox 629 3502 671 3555; x_wconf 78' lang='lat' dir='ltr'>cp.</span> 
     </span>
    </p>
   </div>
   <div class='ocr_carea' id='block_1_5' title="bbox 0 0 1298 4028">
    <p class='ocr_par' dir='ltr' id='par_1_5' title="bbox 0 0 1298 4028">
     <span class='ocr_line' id='line_1_38' title="bbox 0 0 1298 4028; baseline 0 2"><span class='ocrx_word' id='word_1_326' title='bbox 0 0 1298 4028; x_wconf 95' lang='lat' dir='ltr'> </span> 
     </span>
    </p>
   </div>
  </div>
 </body>
</html>
