2558 4022
501 233 717 296 -13-

98 383 150 436 aut
179 377 323 436 nasturcii
346 393 449 436 semen
472 393 542 436 cum
566 377 668 455 sinape
692 384 722 436 et
745 384 828 438 aceto
850 385 931 438 teres
954 385 984 438 et
1006 376 1113 452 illines,

97 473 149 525 out
185 466 257 525 catti
294 466 436 525 stercoris
471 471 572 543 partes
609 463 683 525 duras
720 467 829 544 sinapis
865 473 981 546 partem
1012 483 1102 527 unam
1122 465 1203 556 ‘¹¹33

96 571 166 613 cum
194 560 277 614 aceto
301 561 382 614 teres
406 561 436 613 et
465 552 569 613 illines.
590 548 596 632 Ι
617 551 717 630 [aliud.
756 553 899 614 avellanas
929 527 1221 620 combustas··¹{'inm.1'r.

96 649 238 702 conteres
266 659 335 701 cum
368 643 493 720 axungia
525 649 576 702 aut
604 641 688 722 adipe
724 644 828 702 ursino
858 649 888 702 et
914 642 980 702 oleo
1009 642 1045 703 de
1069 643 1113 704 lu-

97 747 189 790 cerna
209 737 240 789 et
262 729 372 810 illines,
395 738 463 790 ante
482 748 552 790 vero
571 731 665 808 ipsam
683 729 838 810 alopiciam
857 731 937 790 nitro
955 733 1026 792 trito
1045 747 1140 792 cums

95 835 197 896 panno
224 817 343 878 fricabis
367 827 397 879 et
414 818 519 878 illines.
566 817 653 879 aliud.
686 818 803 898 adipem
821 820 959 879 ursinum
978 818 1113 880 euiorbio

97 908 223 966 mixtum
248 924 315 966 curn
334 906 399 967 oleo
418 907 454 968 de
475 906 597 968 lucerna
620 905 725 967 illines.
763 907 850 968 alind.
883 913 1000 968 stercus
1019 909 1114 968 muris

96 1012 167 1054 eum
190 1002 273 1056 aceto
297 997 402 1056 tritum
425 1003 455 1056 et
477 995 617 1058 illinitum
640 995 762 1076 capillos
785 995 894 1058 edocit.

332 1154 379 1216 Vl.
416 1154 466 1216 ld
490 1154 713 1216 cantabriem
736 1158 877 1235 capitis.

187 1277 375 1340 Cantabriem
407 1278 513 1340 Graeci
544 1281 699 1359 pityriasin
731 1287 845 1342 vocant.
897 1281 1023 1358 emergit
1055 1280 1112 1340 ire·
1128 1295 1153 1334 ro

97 1377 226 1448 quenter
249 1387 286 1428 ex
310 1367 435 1428 humore
460 1370 522 1428 acri
544 1367 591 1428 vel
614 1370 842 1448 intemperantia
865 1370 1000 1448 corporis
1025 1385 1113 1447 quam

96 1457 204 1517 Graeci
218 1458 351 1516 acrasian
369 1463 484 1516 vocant.
516 1458 649 1516 nascitur
668 1456 788 1535 quidem
805 1459 942 1536 pruritus
960 1459 991 1516 in
1008 1475 1113 1536 super-

96 1547 166 1604 ficie
194 1545 272 1604 cutis
300 1543 447 1621 capillosis
475 1545 506 1602 in
529 1543 615 1616 locis,
644 1552 678 1604 ut
702 1547 790 1604 etiam
812 1547 1003 1606 tenuissimas
1026 1563 1113 1624 squa-

96 1631 195 1693 millas
218 1630 277 1691 albi
300 1631 409 1691 coloris
432 1632 568 1692 emittant
591 1631 731 1692 cantabro
755 1631 880 1712 similes,
902 1632 981 1692 unde
1005 1650 1113 1694 nomen

95 1721 254 1801 pityriasin
278 1721 402 1798 accepit.
1128 1735 1154 1775 15

187 1810 218 1868 in
247 1806 451 1868 curationibus
482 1825 552 1868 vero
579 1807 624 1868 lac
653 1807 772 1868 ovillum
806 1826 859 1868 seu
891 1806 1037 1870 bubulum
1069 1809 1115 1869 vel

96 1899 254 1978 caprinum
278 1915 346 1957 cum
365 1895 451 1956 melle
480 1899 565 1975 potui
588 1895 671 1956 dahis
694 1915 749 1976 pro
773 1897 992 1976 comparatione
1015 1900 1113 1977 pruri-

96 1997 157 2048 tus.
194 1987 305 2046 etenim
328 1985 497 2046 acredinem
523 1985 659 2046 humoris
687 1985 823 2046 addulcat
850 1986 897 2046 vel
923 1985 1061 2047 obtundit
1084 1993 1115 2046 et

95 2093 159 2136 non
192 2075 309 2134 curiose
342 2073 394 2133 sed
427 2073 553 2152 simplici
585 2073 756 2134 inductione
788 2082 923 2134 ventrem
959 2075 1114 2153 depurgat.

96 2182 154 2224 nec
190 2180 251 2223 non
288 2163 376 2222 etiam
412 2161 582 2221 flebotomia
618 2181 655 2220 ex
691 2161 813 2221 brachio
850 2163 908 2222 erit
942 2161 1114 2243 adhibenda,
1128 2178 1155 2217 ao

96 2253 225 2312 maxime
255 2252 281 2310 si
311 2256 406 2310 aetate
435 2251 557 2309 iuvenes
584 2249 696 2310 luerint
721 2251 869 2328 patientes
893 2256 923 2309 et
950 2249 1115 2310 secundum

96 2347 234 2401 naturam
274 2337 403 2418 plurimo
446 2339 588 2416 sanguine
629 2335 856 2419 abundaverint,
894 2355 969 2417 quos
1010 2337 1115 2400 Graeci

172 2481 311 2543 teynape
329 2491 355 2546 p,
375 2473 473 2543 sinope
488 2490 517 2542 p,
538 2471 602 2554 —pi
621 2489 642 2527 c.
740 2475 770 2528 et
787 2474 832 2541 (ex
851 2490 872 2541 c,
892 2473 970 2542 inp)
990 2475 1070 2529 aceto
1088 2492 1114 2556 p.

96 2545 186 2600 illinis
208 2561 268 2616 ppo.
381 2545 490 2600 tostii
518 2545 589 2615 (gan
614 2545 639 2613 c)
664 2545 770 2599 stercus
792 2562 838 2615 pe,
866 2545 973 2600 siccati.
998 2563 1019 2599 s.
1043 2561 1115 2600 cons

98 2637 198 2705 (supra
218 2635 306 2688 deletu
324 2632 397 2702 getii
416 2635 474 2687 sier
491 2633 572 2702 corr.)
586 2648 617 2702 p.
704 2632 817 2702 synapis
835 2651 861 2704 p,
880 2633 985 2703 sinapis
999 2650 1030 2702 p,
1051 2632 1116 2701 -pi

98 2723 122 2760 c.
231 2702 415 2775 antiniana,
436 2702 579 2774 -niesp
687 2702 815 2757 cillinis
833 2721 872 2773 pc
895 2706 969 2774 (item
985 2720 1011 2758 o.
1032 2710 1057 2758 6.
1078 2703 1114 2772 t).

97 2779 178 2844 etp:
198 2777 248 2830 eut
266 2791 288 2830 c.
367 2791 433 2831 vero
452 2791 502 2829 orn.
522 2791 543 2830 c.
625 2772 687 2843 ipsa
704 2774 861 2844 alopiciap
880 2777 973 2842 (-e1n
992 2775 1025 2840 c).
1099 2779 1115 2826 6

98 2863 194 2916 panno
214 2862 250 2914 p:
282 2861 355 2914 pane
378 2862 393 2900 c
416 2840 597 2915 (ἐκνιτρώσας
619 2844 668 2898 καὶ
692 2839 801 2899 ὀθονίω
825 2840 950 2914 diupoleos
968 2843 1031 2897 Gal.
1055 2841 1116 2912 XII,

98 2917 174 2985 406).
244 2915 362 2985 frigebis
374 2919 414 2985 ps
477 2915 603 2971 euforbie
621 2932 650 2984 p,
670 2920 704 2970 cir
717 2899 809 2970 iorbio
828 2931 850 2969 o.
924 2912 1074 2968 'tlucernis
1093 2930 1115 2969 o.

98 2989 150 3042 hoc
171 2987 298 3056 frequens
320 3003 382 3042 rem.
401 3005 425 3042 u.
446 2987 508 3042 Gal.
530 2987 615 3051 XII,
638 2989 704 3040 240.
723 2989 789 3041 329.
808 2989 870 3039 418.
912 2985 1005 3040 Marc.
1021 3001 1051 3055 p.
1071 2989 1114 3040 45.

97 3066 116 3113 9
130 3056 265 3112 illinitum
280 3058 340 3126 (cic)
349 3074 394 3127 pc.
473 3063 506 3111 10
519 3055 666 3126 petirinsin
679 3072 711 3124 p,
728 3055 853 3124 ptinesin
871 3072 893 3112 c.
967 3061 998 3109 11
1014 3073 1079 3111 acro
1093 3074 1115 3112 e.

100 3135 133 3183 12
154 3129 263 3184 aorasia
279 3144 308 3197 p,
327 3146 405 3184 —srn
423 3145 446 3183 c.
550 3125 663 3196 quidem
682 3143 697 3181 c
715 3127 826 3210 (ΡΜ)
848 3127 963 3197 qnidam
981 3145 1008 3196 p.
1083 3133 1115 3180 13

101 3216 233 3270 squamas
251 3216 266 3254 c
284 3200 391 3268 (ΡΜ).
466 3203 499 3252 16
517 3197 639 3267 pruriasi
651 3214 679 3266 p,
698 3197 833 3268 prtinosin
851 3215 873 3253 c.
947 3205 980 3254 16
999 3198 1117 3253 ovillum

100 3289 126 3326 c:
146 3270 259 3326 ovinum
269 3287 292 3338 p
312 3270 415 3341 (ΡΜ).
488 3269 623 3324 bubulum
638 3285 665 3324 c:
683 3268 850 3325 bubuliuum
861 3287 884 3338 p
905 3269 1007 3338 (ΡΜ).
1082 3274 1115 3322 17

101 3340 321 3481 {liiidie
339 3339 706 3481 inffltlniillfflti·
764 3338 1116 3481 lttrtttltttttt

102 3489 137 3536 22
155 3482 307 3552 plurimum
325 3481 469 3553 sauguinis
487 3499 509 3538 c.
