2588 4028
521 204 761 268 -119-

124 348 242 408 vesicae
276 347 418 426 porcinae
453 345 617 428 alligatum,
653 366 714 408 non
746 350 835 410 nimis
866 350 993 412 interius
1024 350 1077 412 sed
1113 352 1145 410 in

124 442 218 514 caput
241 443 365 496 naturae
393 437 499 496 inicies
526 437 677 498 cervinam
700 435 860 498 medullam
884 440 987 500 susino
1009 437 1074 500 oleo
1099 457 1144 500 re

125 522 256 584 solutam
284 531 336 584 ant
368 521 510 603 butyrum
537 541 643 586 recens
671 532 723 586 aut
750 525 867 604 adipem
898 529 1070 588 anserinum
1100 511 1173 587 rel‘

123 610 333 690 gallinaceum.
375 610 541 672 adhihenda
563 614 653 677 edam
675 612 889 676 encatlrismata
912 632 948 676 cx
970 615 1144 677 decoctione

123 717 267 763 rosarum
298 698 458 762 lenticulae
490 709 601 780 myrtae
629 699 697 762 ruhi
728 701 846 762 lentisci
879 701 926 763 rel
957 702 1004 764 his
1035 705 1144 765 virtute
1171 715 1185 752 ⁵

121 785 280 848 'similium
317 788 525 866 apponendum
544 792 634 850 etiam
652 797 683 852 et
700 789 749 850 dia
765 792 848 852 ileon
871 790 1065 870 emplastrum
1084 794 1144 852 sire

122 875 201 936 illud
236 875 486 938 medicamentum
522 877 602 956 quod
634 895 740 956 graece
773 877 935 942 ebarharos
971 878 1146 960 appellatur,

124 962 252 1024 renibus
275 972 306 1024 et
327 967 440 1044 pectini
462 983 616 1046 praeraso,
638 974 691 1028 aut
713 967 854 1030 dulcinen
875 985 965 1046 quam
988 967 1144 1030 Galenus

123 1054 158 1112 in
180 1050 267 1112 libris
292 1051 521 1131 emplastrorum
544 1071 621 1133 qnos
643 1062 709 1116 cata
730 1073 807 1133 gene
826 1055 988 1138 appellant,
1010 1065 1145 1118 nostram

123 1140 174 1200 dia
193 1138 353 1202 chalciteos
371 1143 541 1203 nominarit
573 1144 749 1222 proliciente
767 1152 867 1208 cutem
888 1147 1052 1208 curationis
1069 1154 1185 1206 tem-1⁰

123 1247 198 1308 pore
223 1237 313 1290 erunt
342 1231 374 1290 in
397 1229 464 1290 cibo
487 1230 576 1292 dandi
599 1233 680 1294 suini
702 1231 788 1311 pedis
810 1251 984 1312 mucrones,
1012 1233 1143 1296 testiculi

124 1315 235 1378 madidi
258 1335 295 1378 ex
318 1335 394 1396 aqua
417 1325 448 1378 et
469 1318 628 1382 cerebrum
651 1328 796 1400 assatum,
823 1319 861 1381 de
886 1320 1021 1400 piscibus
1044 1329 1143 1383 autem

123 1405 299 1484 torpedines
337 1405 421 1466 aselli
453 1424 609 1487 murenae,
646 1407 684 1468 de
720 1411 818 1486 pomis
855 1427 925 1470 rero
958 1427 1032 1470 uvae
1068 1407 1142 1470 mala

122 1493 251 1572 cydonia
282 1501 405 1571 granata
437 1502 467 1554 et
498 1495 545 1554 his
576 1497 688 1556 virtute
720 1495 835 1556 similia.
887 1497 1019 1558 dandum
1054 1499 1142 1557 etiam

122 1583 234 1644 ieiunis
261 1580 373 1660 aliquid
402 1580 512 1642 sorbile
540 1581 621 1660 qnod
649 1582 807 1644 humorem
833 1599 933 1644 acrem
963 1593 994 1644 et
1023 1593 1143 1646 tenuem
1160 1596 1184 1636 15

123 1679 158 1731 et
181 1687 319 1749 asperum
348 1668 443 1730 valeat
470 1668 629 1732 obdulcare
659 1677 690 1730 et
717 1669 901 1730 crassillcare
925 1678 955 1731 et
978 1669 1086 1750 lenire,
1111 1680 1144 1730 ut

121 1764 174 1818 est
196 1758 324 1837 amylum
347 1767 542 1836 procuratum
565 1767 617 1820 aul
638 1757 759 1838 polenta
783 1775 820 1818 ex
838 1775 914 1836 aqna
933 1757 1008 1820 elixa
1027 1766 1057 1819 et
1076 1776 1145 1820 cum

121 1848 193 1906 vino
217 1845 326 1926 nigello
350 1845 503 1908 addulcata
523 1855 574 1908 ant
593 1863 681 1926 oryza
704 1854 755 1908 aut
778 1863 869 1926 grana
886 1847 1020 1926 ptisanae
1044 1855 1075 1908 et
1098 1846 1144 1906 his

120 1933 240 1996 similia.
284 1931 429 2014 probatur
456 1937 545 1997 etiam
573 1935 638 1996 dari
667 1933 849 1997 sorbendum
878 1935 957 2014 quod
986 1935 1143 1998 coniicitur

121 2025 177 2084 sic.
214 2041 251 2083 ex
270 2021 386 2084 nucleis
403 2023 576 2085 recentibus
595 2032 626 2085 ct
644 2026 814 2084 cucumeris
838 2026 950 2085 semino
974 2025 1142 2085 descamato
1157 2038 1184 2077 20

121 2119 156 2172 et
184 2110 336 2190 amygdala
363 2110 444 2172 dulci
472 2119 502 2172 ct
525 2110 620 2191 amylo
644 2130 714 2172 cum
741 2111 817 2170 lacte
844 2113 876 2170 in
900 2129 959 2170 nno
985 2111 1143 2188 diiigenter

121 2201 204 2261 tritis
241 2209 272 2260 et
312 2200 418 2260 leviter
459 2201 611 2260 concoctis
652 2197 782 2258 dandum
820 2199 927 2258 ieiunis
969 2215 1038 2258 cum
1075 2199 1143 2258 vino

197 2393 211 2440 1
232 2386 325 2442 vesice
343 2386 459 2457 porcine
473 2385 583 2456 eligatis
597 2402 625 2441 c:
644 2384 740 2440 vesica
756 2384 874 2455 porcina
891 2383 1013 2453 alligent
1021 2399 1052 2453 p.
1126 2390 1141 2438 3

119 2457 248 2514 butirum
266 2460 410 2513 recentem
428 2472 469 2528 cp.
542 2463 559 2511 4
579 2454 769 2512 adhibendam
782 2473 819 2525 p,
839 2455 941 2510 -dum
959 2471 981 2510 c.
1041 2454 1143 2510 'etiam

115 2547 154 2600 p:
174 2529 205 2583 el
222 2545 244 2584 c.
332 2527 534 2597 accolimus,
553 2529 717 2584 enoatcsmc
730 2543 768 2596 p,
786 2527 982 2582 ancetasmsta
995 2532 1039 2596 ρο.
1125 2531 1141 2579 5

119 2599 236 2664 mireo,
255 2599 385 2668 mirtep.
458 2599 630 2655 6similibns
649 2615 690 2668 cp.
763 2597 889 2654 diaileon
902 2614 937 2666 p,
958 2597 1100 2653 discitecn
1119 2613 1141 2653 c.

120 2679 137 2726 ‘l
158 2687 242 2740 grece
261 2687 288 2736 c,
312 2669 390 2741 greci
408 2676 445 2739 1²⁰
461 2673 525 2736 (cac.
543 2675 587 2739 p).
696 2667 875 2724 embcrberos
897 2685 930 2750 p,
953 2668 1092 2722 barbenos
1118 2683 1140 2722 c.

118 2747 137 2796 8
159 2743 189 2796 et
206 2758 233 2797 c:
252 2742 303 2797 aut
317 2758 347 2810 p.
419 2740 547 2798 fenicene
559 2739 734 2816 Memento
753 2757 775 2795 c.
848 2739 977 2809 gehenna
995 2754 1023 2805 c,
1047 2737 1103 2818 gai*
1118 2754 1141 2806 p

120 2815 169 2883 (ε
188 2811 253 2868 dot
273 2811 380 2879 XIII,
399 2814 474 2881 375).
552 2818 568 2867 9
587 2811 617 2866 iu
639 2811 714 2866 libro
732 2809 969 2879 emplncstrornm
982 2824 1020 2875 p,
1037 2806 1141 2861 librum

118 2885 341 2952 emplastrorum
359 2898 380 2939 c.
454 2899 524 2952 quos
546 2897 586 2951 cp.
678 2881 830 2950 octagonon
850 2895 876 2948 c,
901 2893 1022 2960 ssneap
1039 2876 1139 2959 (Sira).

118 2955 307 3024 cremosino)
322 2969 364 3022 cp.
440 2959 473 3010 lc
488 2955 582 3010 cutem
593 2967 628 3020 p:
642 2951 731 3021 igitur
744 2967 766 3006 c.
832 2955 864 3004 11
880 2965 952 3004 surm
967 2950 1001 3017 (c,
1016 2947 1098 3004 suelli
1107 2951 1139 3018 p)

113 3025 211 3096 pedes
228 3041 376 3080 mucrones
394 3041 427 3094 cp
446 3024 494 3091 (cf.
514 3023 576 3078 Gal.
599 3022 651 3088 VI,
670 3025 744 3087 671).
817 3021 839 3076 t.
852 3035 997 3076 mucrones
1014 3019 1102 3077 medii
1116 3038 1139 3088 c,

118 3101 143 3152 t.
161 3101 259 3152 aeroas
278 3094 421 3164 mumdip
439 3095 487 3162 (cf.
508 3095 570 3149 Gal.
596 3092 643 3148 VI
646 3134 654 3160 ,
672 3095 749 3158 676).
859 3096 891 3146 13
911 3106 977 3148 vero
996 3107 1022 3148 c:
1042 3108 1092 3150 occ
1108 3111 1139 3162 p.

119 3181 178 3222 uve
197 3183 239 3236 cp.
328 3172 361 3222 11
380 3165 493 3222 cidonia
510 3181 551 3234 cp.
635 3169 668 3221 to
688 3162 764 3232 quod
778 3178 814 3231 p:
833 3164 866 3220 nt
883 3160 1005 3232 accipiat
1022 3164 1098 3234 qnod
1116 3181 1137 3219 c.

118 3253 233 3294 acerem
255 3253 283 3306 c,
311 3253 407 3294 acrum
425 3254 456 3305 p.
566 3242 600 3292 16
623 3234 706 3290 linire
731 3236 821 3304 c(p⁰)=
849 3234 946 3300 henne
965 3251 995 3302 p.
1106 3241 1138 3290 17

116 3311 190 3380 po(u
204 3309 341 3378 ellectum
356 3349 362 3362 .
379 3352 385 3365 .
402 3349 408 3362 .
423 3308 528 3362 elixum
550 3322 592 3375 cp.
682 3321 747 3364 cum
765 3323 792 3362 c:
815 3321 866 3362 om.
883 3321 912 3374 p.
1005 3306 1138 3362 181111-

116 3381 218 3435 ectnm
232 3395 256 3448 c,
275 3378 456 3435 obdulcetnm
465 3395 495 3448 p.
550 3393 638 3448 prena
650 3393 678 3448 p,
697 3393 784 3447 mane
799 3393 822 3432 a.
895 3381 929 3430 20
947 3376 1021 3442 (item
1030 3394 1061 3446 p.
1071 3383 1139 3443 120,

114 3453 147 3518 4)
170 3449 332 3506 descemnto
350 3466 382 3518 p,
402 3449 585 3518 desquamato
604 3465 626 3504 c.
730 3453 764 3501 22
784 3451 813 3502 et
832 3447 972 3502 concoctis
991 3446 1091 3503 leviter
1108 3464 1137 3518 p.
