2588 4028
572 187 884 282 -112-'

185 366 307 428 seminis
329 363 465 445 tentoni,
488 379 587 424 ameos
610 361 640 423 id
664 370 711 424 est
729 362 852 424 seminis
875 361 1034 441 vilicionis,
1057 360 1203 424 bacarum

184 453 274 534 lauri,
309 453 397 514 dauci
432 453 550 532 cretici,
586 452 720 512 omnium
757 451 890 529 quinqua
927 451 1031 512 uncias
1066 450 1202 530 singulas

185 545 288 622 semis,
311 543 423 603 caricas
446 541 572 621 pingues
595 557 721 602 numero
739 537 790 598 XV
814 556 884 600 cum
905 555 982 618 aqua
1005 547 1035 600 et
1058 539 1147 600 melle
1171 551 1203 602 et

184 630 300 691 modico
328 630 394 690 oleo
421 646 533 708 coques
561 636 591 688 et
618 645 763 708 appones,
796 635 827 687 et
852 635 922 707 post
949 626 1129 707 cataplasma
1154 628 1202 690 dia

158 727 356 799 aspernatos
379 717 550 798 epithimate
573 718 669 778 utaris
691 723 743 778 aut
765 714 813 778 dia
836 731 976 794 samsucu
999 718 1141 796 superius
1165 717 1201 778 ad

184 810 391 870 ventositatem
415 805 560 868 stomachi
583 807 704 884 scripto.

437 963 521 1026 XLV.
558 963 606 1026 Ad
629 981 756 1026 renum
779 961 947 1024 dolorem.

272 1090 403 1170 Piperis,
430 1087 620 1168 petroselini,
652 1089 742 1170 asari,
775 1085 916 1147 bacarum
945 1085 1034 1169 lauri,
1066 1091 1200 1150 omnium

185 1187 326 1260 quattuor
348 1179 431 1258 paria
453 1175 586 1256 pondera
608 1175 717 1238 tundes
738 1192 845 1236 cernes
868 1173 1094 1256 diligentem-<et
1117 1176 1201 1239 dabis

145 1282 172 1321 1⁰
185 1267 364 1330 coclearium
391 1264 404 1325 l
436 1267 468 1326 in
499 1281 587 1344 passo
614 1265 763 1345 tepefacto
789 1265 941 1343 potionem
970 1265 1072 1325 ieiuno
1102 1265 1200 1328 trihus

184 1355 298 1429 debus.
340 1363 371 1416 at
399 1355 425 1415 si
452 1352 645 1415 immobiliter
667 1371 699 1414 se
727 1351 835 1414 habeat
857 1357 1010 1434 aegrotus,
1040 1355 1200 1416 confestim

183 1444 345 1505 sanabitur.
393 1445 440 1504 sin
471 1459 543 1503 vero
574 1449 695 1523 reperta
729 1442 821 1503 luerit
852 1443 977 1502 arenosa
1008 1441 1137 1520 qualitas
1170 1446 1198 1505 in

183 1535 279 1594 urinis
305 1541 374 1613 post
400 1531 606 1594 medicaminis
631 1533 783 1612 potionem
816 1538 981 1611 acceptam,
1013 1532 1102 1592 sicuti
1135 1532 1198 1592 Ga-

183 1621 288 1684 lenus
314 1623 345 1683 in
374 1620 557 1702 diagnostice
586 1622 641 1701 ait,
668 1620 909 1680 manifestissime
933 1619 1078 1680 nelretica
1100 1616 1200 1700 pas‘sio

144 1724 170 1764 1⁵
184 1711 367 1791 intellegitur
389 1710 419 1771 id
443 1718 489 1772 cst
512 1709 630 1770 nonalis.

271 1801 353 1878 potio
381 1801 492 1878 optime
521 1798 712 1876 confringens
744 1796 857 1876 lapidos
888 1797 919 1856 in
949 1796 1073 1858 renibus
1105 1807 1199 1860 natos.

117 1947 125 1957 ,
183 1887 410 1968 carpobalsami,
451 1884 556 1965 lapidis
593 1887 645 1964 qui
680 1887 712 1945 in
749 1886 882 1964 spongiis
918 1887 1001 1946 novis
1039 1889 1200 1967 reperitur,

182 1974 275 2054 puleii
315 1976 388 2034 sicci
428 1973 524 2054 floris,
565 1972 675 2033 malvae
718 1975 844 2051 agrestis
884 1975 1021 2055 seminis,
1065 1977 1200 2038 omnium

255 2232 1096 2302 1amcos.1.sem1fitmhoronnbcooosl.d.or.ofin·
1116 2234 1199 2303 V.⁷‚ss

182 2305 307 2376 singulas
327 2304 346 2360 S
365 2322 404 2388 c..
460 2308 551 2360 anino
570 2321 596 2360 c:
615 2319 665 2358 om.
680 2319 713 2372 p.
786 2300 967 2385 bepith'ep:
986 2318 1075 2360 oneo¹
1148 2311 1200 2362 aut

181 2393 309 2502 innodo
330 2375 571 2515 omnic&
580 2390 797 2515 difficile),
820 2377 1199 2526 cuin⁵ii¹psitio¹r¹tfiiraapti

182 2518 308 2586 capituli.
380 2523 398 2572 8
416 2515 548 2571 bacarum
562 2533 594 2585 p,
611 2516 763 2571 baccarum
782 2532 803 2571 c.
884 2533 1010 2572 ommum
1029 2521 1151 2588 quatuor
1170 2538 1198 2576 o:

181 2605 232 2644 oro.
246 2604 277 2656 p.
385 2593 402 2642 9
429 2587 510 2657 paria
532 2587 659 2657 pondera
679 2585 770 2642 tunsis
793 2587 878 2642 cretis
902 2585 1054 2656 diligenter
1076 2589 1158 2648 dabis
1177 2608 1199 2657 c,

182 2657 262 2730 paria
283 2677 309 2728 p.
339 2655 425 2712 tunde
449 2657 599 2728 diligenter
624 2660 654 2714 et
679 2674 770 2716 cerne.
802 2657 882 2713 dabis
903 2673 935 2740 p.
1046 2665 1079 2714 10
1105 2661 1200 2718 cocl'r.

183 2731 202 2786 I.
226 2747 267 2800 cp.
357 2728 503 2798 potionem
525 2745 576 2786 om.
600 2747 623 2785 c.
712 2727 808 2784 ieiunia
829 2727 869 2783 111
892 2727 990 2783 diebus
1014 2746 1040 2786 c:
1064 2732 1084 2786 I.
1107 2731 1200 2788 tribus

182 2801 281 2858 debus
298 2799 399 2858 ieiunis
413 2815 444 2870 p.
537 2805 569 2856 11
589 2801 613 2855 si
633 2831 666 2841 —
686 2801 800 2870 egrotus
814 2816 849 2870 p:
868 2815 918 2854 otu.
933 2816 955 2856 c.
1048 2805 1080 2856 12
1102 2802 1152 2860 Sin
1171 2821 1199 2859 c:

182 2872 206 2927 si
224 2890 255 2942 p.
344 2874 457 2942 reperta
474 2887 510 2941 p:
533 2871 643 2942 repleta
661 2887 683 2926 c.
774 2887 892 2926 arenosa
913 2869 1035 2940 qualitas
1058 2872 1096 2941 (ct
1121 2886 1199 2944 ψαμ·

181 2943 273 3012 μῶδες
295 2943 384 3012 Gal.)=
407 2958 555 2998 arenarum
574 2942 742 3012 quodiana,
765 2957 850 2996 arena
873 2942 925 3007 (sio
943 2943 1045 3012 simpl.)
1057 2959 1090 3012 p.
1165 2952 1198 3000 13

180 3031 308 3100 galienus
326 3049 353 3100 c,
376 3029 432 3100 gal*
449 3048 478 3100 p.
562 3037 595 3085 14
613 3028 837 3102 diagnoslcetspe
855 3045 883 3098 c,
901 3013 1020 3102 difisnco
1030 3049 1052 3102 p
1072 3035 1118 3103 (=
1133 3035 1199 3100 περὶ

179 3101 236 3154 τῶν
259 3119 324 3158 usn.
347 3097 435 3155 τόπον
460 3101 560 3170 VIII,
585 3105 659 3172 391).
764 3107 798 3158 14
816 3101 946 3158 neufreca
965 3119 991 3172 c,
1015 3103 1152 3160 nefretica
1167 3123 1198 3174 p.

182 3176 215 3225 16
228 3169 354 3240 lapidem
369 3214 375 3226 .
392 3214 398 3226 .
414 3212 420 3225 .
435 3173 532 3226 natum
542 3189 572 3240 p.
647 3179 679 3228 17
694 3174 914 3243 Epocemittuut
927 3190 968 3244 op.
1041 3175 1152 3244 lapides
1169 3194 1199 3246 p,

179 3257 230 3298 om.
254 3258 269 3295 c
292 3242 388 3310 (iidoc
411 3243 462 3296 τοῦ
486 3237 518 3296 ἐν
541 3239 675 3314 σπόγγοις
697 3239 900 3315 εὑρισκομένου
924 3245 987 3300 aar.
1011 3245 1118 3313 XIII,
1138 3251 1200 3302 328

179 3329 317 3411 ubina'dem
333 3330 391 3397 fere
408 3331 555 3386 ennodium
574 3332 769 3402 Asclepiadis).
860 3349 915 3402 que
928 3350 964 3402 p,
987 3325 1016 3404 οἵ
1036 3351 1059 3390 c.
1155 3353 1199 3392 re·

179 3403 287 3470 peritur
304 3417 334 3456 cz
358 3401 488 3458 -iuntun
500 3419 531 3472 p.
623 3409 656 3459 18
674 3401 783 3472 pulegii
800 3419 827 3472 c,
851 3403 940 3474 pulici
953 3420 983 3472 p.
1075 3405 1144 3462 flore
1163 3423 1199 3476 cp

178 3475 241 3538 (oro.
261 3471 344 3541 Gal).
418 3473 531 3529 seminis
550 3490 576 3529 c:
595 3491 690 3530 semen
703 3491 734 3543 p.
