2558 4022
551 195 765 260 „22-

150 343 256 406 Graeci
282 343 395 422 lepidas
422 349 536 404 vocant.
578 339 656 402 unde
685 357 794 400 nomen
821 355 837 398 a
860 335 983 399 Graecis
1012 337 1095 417 lepra
1118 355 1166 398 ac·

150 437 237 513 cepit.
278 439 399 494 creatur
422 450 459 492 ex
481 429 694 492 melancholico
717 427 856 508 humore,
878 433 910 487 et
932 434 978 487 cst
1001 429 1166 488 curationis

150 521 287 584 difficilis.
1008 533 1013 542 ·

240 609 295 671 alia
322 628 392 670 vero
420 611 552 670 nascitur
580 605 704 685 simplex
731 607 854 666 veniens
881 621 917 666 ex
944 604 1071 665 humore
1103 603 1167 666 aori

122 699 196 760 ⁵vel
215 699 299 760 salso.
337 706 367 760 et
390 705 513 758 curatur
531 694 747 756 medicamento
767 693 900 754 scabioso
923 692 1002 771 quod
1025 695 1166 772 psoricon

150 787 273 868 dicitur,
296 795 327 848 et
350 787 507 848 conficitur
530 787 582 845 sic.
620 783 772 863 sulphuris
795 784 853 842 vivi
876 793 910 843 ÷
933 781 947 840 l
970 791 1001 842 et
1024 781 1059 863 S,
1088 783 1165 861 picis

150 878 246 938 siccae
270 888 304 937 ÷
332 875 372 956 11,
402 892 488 936 cerae
511 887 546 936 ἐν
569 871 623 954 111,
652 871 775 952 squillae
810 869 900 930 medii
927 884 962 933 «ει
989 869 1016 930 ll
1045 879 1075 931 et
1108 869 1167 932 olei

149 963 255 1024 libram
278 964 304 1024 l:
327 965 495 1024 minutatim
518 961 632 1022 incides
660 960 796 1039 squillam
820 967 850 1020 et
877 959 968 1037 friges
990 961 1022 1020 in
1045 959 1112 1022 oleo
1136 970 1167 1022 et

148 1051 277 1131 liquabis
300 1052 398 1112 oleum
422 1059 452 1112 et
480 1051 685 1129 supermittes,
714 1055 749 1108 et·
766 1047 898 1108 resolves
928 1066 1003 1127 quae
1027 1047 1166 1110 solvenda

109 1155 135 1194 1o
149 1149 234 1222 sunt,
262 1149 293 1200 et
318 1149 476 1220 postquam
499 1140 611 1200 luerint
632 1137 763 1198 resoluta
786 1136 823 1197 ab
850 1138 918 1216 igne
943 1135 1030 1198 tolles
1053 1145 1083 1198 et
1106 1137 1165 1198 sul·

148 1228 228 1308 phur
264 1228 300 1290 ad
338 1227 470 1289 ultimam
508 1229 683 1289 tenuitatem
716 1228 820 1288 tritum
853 1243 1097 1308 superasperges,
1135 1235 1166 1287 et

148 1316 282 1378 movebis
305 1317 400 1377 donec
424 1317 605 1396 coaguletur.

238 1406 317 1466 aliud
353 1407 493 1484 psoricon
530 1403 723 1484 emplastrum
755 1404 866 1464 iaciens
898 1403 934 1464 ad
967 1402 1097 1464 scabiem
1135 1412 1166 1464 et

148 1493 269 1574 lepram.
307 1493 404 1554 salicis
428 1495 548 1555 corticis
572 1491 720 1554 combusti
741 1501 772 1552 et
794 1492 852 1553 olei
875 1493 989 1552 rosacei
1012 1506 1047 1553 ὴ
1069 1490 1166 1572 binas,

109 1598 135 1639 15
149 1601 235 1643 cerae
264 1591 293 1644 et
321 1584 472 1662 aeruginis
500 1600 584 1642 rasae
608 1595 642 1645 ÷
669 1580 812 1660 singulas:
845 1579 940 1641 solves
969 1597 1069 1640 ceram
1096 1599 1166 1640 cum

148 1671 214 1732 oleo
236 1690 368 1753 rosaceo,
393 1673 573 1733 cerotarium
597 1672 685 1731 siccis
705 1671 857 1748 praetritis
875 1667 1053 1730 admiscebis
1073 1677 1102 1729 et
1120 1671 1164 1729 in·

148 1758 241 1820 duces
263 1763 294 1820 in
317 1759 472 1821 linteolum
495 1767 525 1820 et
548 1777 692 1839 appones,
721 1766 750 1817 et
779 1765 848 1836 post
869 1759 993 1818 tertium
1016 1757 1094 1818 diem
1117 1775 1164 1818 re·

148 1847 244 1907 solves
268 1856 298 1908 et
320 1847 569 1908 medicamentum
597 1846 714 1906 auferes
743 1853 774 1905 et
801 1863 931 1926 appones
955 1845 1105 1925 polentam
1128 1864 1164 1906 ex

148 1942 232 1994 aceto
260 1942 375 1995 coctam
402 1944 433 1996 et
460 1934 617 2014 diligenter
644 1935 759 2016 tritam,
787 1941 817 1994 et
843 1936 907 2015 ipsa
934 1936 1029 1995 uteris
1058 1933 1164 1995 diebus

109 2021 258 2104 ratribus,
295 2030 325 2084 et
357 2025 467 2084 iterum
494 2030 562 2103 post
590 2022 741 2103 polentam
774 2021 977 2102 supradictum
1008 2022 1165 2083 inductum

148 2129 287 2192 appones.
324 2119 354 2173 et
377 2112 450 2174 haec
473 2113 564 2174 iacies
586 2129 683 2190 usque
707 2109 742 2170 ad
766 2111 929 2190 perlectam
954 2113 1118 2171 sanitatem.

218 2324 235 2372 2
259 2319 289 2372 et
311 2320 356 2374 est
374 2318 525 2373 curationis
549 2317 673 2372 difficilis
691 2333 718 2372 e:
744 2317 774 2371 ei
792 2333 855 2372 cum
873 2317 909 2385 (ὃ)
927 2315 1072 2371 curatione
1091 2315 1164 2370 diffi-

148 2388 195 2443 eili
209 2405 240 2457 p.
313 2394 414 2443 tacro
433 2405 455 2443 c.
536 2387 701 2456 soporicon
714 2403 760 2456 pc.
850 2391 899 2442 cet.
918 2387 954 2454 cf.
974 2387 1040 2442 Gelo.
1060 2386 1099 2455 V,
1118 2391 1165 2455 28,

149 2465 190 2514 16.
264 2459 515 2529 6÷:⁷;c‚†p.
587 2457 908 2527 picis—(t)etom.p.
981 2457 1165 2528 eliquesco.

148 2532 242 2584 oleum
260 2546 288 2583 c:
316 2545 366 2584 om.
382 2548 413 2600 p.
502 2530 625 2585 resolves
648 2544 675 2584 c:
700 2527 785 2583 solvis
803 2546 834 2598 p.
932 2534 965 2582 10
987 2529 1111 2584 resoluta
1129 2545 1164 2597 p:

148 2601 240 2655 soluta
259 2617 281 2654 c.
356 2607 388 2655 11
408 2601 534 2670 aspergis
548 2617 578 2670 p.
658 2605 692 2653 12
711 2615 805 2654 moves
818 2615 863 2669 pc.
955 2600 1118 2668 coaguletur
1137 2616 1166 2654 c:

148 2671 331 2740 eoagolentur
344 2689 375 2740 p.
485 2677 518 2726 13
542 2671 671 2741 sporicon
684 2685 723 2740 pe
745 2671 801 2738 (secl
814 2677 850 2739 ρο
871 2669 1021 2739 psoricon).
1107 2687 1166 2724 em·

146 2742 304 2812 plaustrum
317 2759 348 2812 p.
386 2743 421 2810 cf.
436 2743 513 2813 coepi.
531 2744 569 2798 ad
587 2743 691 2811 iepram
708 2743 785 2809 apud
796 2741 842 2795 Pa
860 2741 936 2796 Ptin.
951 2740 972 2807 s.
988 2739 1047 2796 79¹).
1131 2747 1167 2795 14

148 2813 298 2869 combusii:
318 2816 383 2870 -te
401 2831 442 2884 cp.
534 2815 564 2868 01
580 2814 647 2882 (bis)
664 2829 714 2866 om.
729 2827 760 2880 p.
846 2828 885 2866 ro.
900 2829 931 2880 p,
950 2811 1024 2866 rosei
1042 2828 1063 2866 0.
1140 2813 1167 2880 ⁷,-

147 2885 227 2940 binas
246 2902 271 2940 o:
301 2887 482 2956 sn÷11p
575 2882 793 2952 15a5.†1p.
886 2889 977 2938 1610.
992 2899 1165 2952 proscoc.

148 2955 228 3010 siccis
256 2973 281 3009 c:
309 2956 379 3011 facis
403 2973 435 3026 p.
526 2953 666 3027 preteritis
691 2953 800 3024 (pilus)
818 2969 864 3023 pc.
955 2953 1093 3008 admisces
1117 2971 1164 3024 pc.

147 3025 257 3079 inducis
270 3041 316 3093 pc.
408 3035 440 3082 17
459 3027 628 3083 lintheolum
646 3043 672 3082 c:
698 3025 817 3092 lacteolo
831 3041 862 3094 p.
954 3025 984 3078 01
1000 3023 1123 3080 resolves
1140 3041 1164 3080 c.

149 3101 182 3151 18
206 3095 315 3149 auferes
334 3114 360 3152 es
387 3097 485 3152 afferes
499 3116 530 3166 p.
622 3099 652 3152 ei
673 3112 798 3167 appones
822 3112 848 3150 c:
877 3095 951 3164 quod
971 3095 1011 3165 (q)
1030 3111 1117 3164 pones
1132 3113 1165 3164 p.

147 3166 292 3236 polentam
311 3167 442 3232 (farinam
464 3169 651 3222 hordeaceam
674 3169 806 3222 exsecto
824 3165 913 3221 Serio.
932 3165 1017 3236 Lcrp.
1037 3183 1059 3220 c.
1079 3169 1165 3234 252):
1269 3209 1270 3240 2

147 3237 295 3306 pulsatum
314 3255 339 3306 c,
365 3238 562 3310 roppolentum
577 3254 607 3307 p.
692 3255 725 3292 ex
739 3254 766 3292 c:
784 3237 815 3291 in
824 3252 854 3306 p.
947 3241 980 3290 19
999 3239 1109 3292 coctum
1120 3279 1126 3290 .
1139 3277 1165 3291 ..

147 3306 245 3361 iritum
260 3350 266 3363 .
282 3347 288 3360 .
305 3305 386 3380 ,ips'o
401 3325 446 3378 pe.
551 3315 585 3364 20
604 3309 634 3364 el
651 3307 753 3365 ilerum
770 3308 918 3378 polenium
931 3323 963 3376 p,
983 3309 1078 3362 caleni
1097 3309 1166 3376 posi

147 3377 294 3448 pulentum
312 3397 334 3438 c.
415 3380 563 3435 inductum
581 3396 631 3434 om.
646 3396 676 3449 p.
750 3387 782 3434 21
803 3377 889 3434 facies
907 3394 937 3434 c:
956 3377 1025 3433 facis
1045 3377 1109 3448 (fois

147 3449 230 3505 factis
250 3455 313 3506 aare
330 3453 411 3520 corr.)
426 3468 457 3521 p.
