2558 4022
573 224 793 288 -46...

263 369 342 430 aliud
377 370 413 430 ad
450 370 576 430 tinnitus
608 375 639 428 ct
670 367 707 428 ad
741 366 945 448 obtrusioues,
978 383 1051 444 quas
1083 365 1189 428 Graeci

174 457 304 518 enlraxis
331 465 452 538 vocant,
480 464 510 517 et
533 457 569 517 ad
597 455 733 518 difficiles
755 455 874 516 auditus
897 462 928 515 et
951 454 988 515 ad
1015 456 1100 516 initia
1123 473 1187 517 sur

174 547 284 608 ditatis.-
323 548 437 607 nitrum
464 553 495 606 el
524 546 702 606 alronitrum
729 543 844 623 aequali
872 543 959 604 modo
983 543 1188 606 commiscebis

175 643 205 695 ct
227 651 296 696 oum
319 642 403 696 aceto
426 636 489 695 aori
512 641 542 695 et
564 633 630 694 oleo
653 635 748 694 veteri
771 632 928 711 tepefactis
950 631 1099 694 infundes.

148 737 160 775 ⁵
263 725 335 784 item
372 723 408 783 ad
440 721 619 784 vermiculos
655 723 773 782 aurium
810 721 977 781 lorinsecus
1010 721 1187 782 educendos.

175 813 345 872 centauriae
368 810 470 873 viridis
493 818 545 871 aut
567 808 711 871 marrubii
734 815 785 869 aut
808 807 949 869 absinthii
971 809 1074 870 viridis
1098 827 1188 871 sucus

175 899 292 960 inlusus
315 898 445 960 excludit
468 897 653 959 vermiculos.

263 987 300 1047 ad
323 986 427 1047 sordes
450 988 576 1048 aurium.
612 987 725 1046 nitrum
753 993 838 1046 aceto
862 984 1028 1046 resolutum
1051 1003 1120 1045 cum
1143 1003 1189 1046 ea·

174 1075 232 1134 lida
255 1093 330 1154 aqua
357 1093 412 1154 per
435 1073 579 1135 auliaoum
602 1076 713 1134 uticum
740 1074 846 1134 inicics
874 1081 905 1134 ct
932 1073 1070 1152 deterges
1093 1077 1190 1134 etsie

111 1178 162 1217 .1o
175 1165 285 1224 iterum
307 1162 473 1223 instillabis.

264 1250 300 1312 ad
319 1267 406 1311 aures
425 1250 536 1312 saniola
554 1250 682 1311 liuentcs
701 1258 732 1310 ct
751 1250 891 1311 humecta
914 1265 1033 1328 quoque
1052 1252 1191 1313 universa

174 1341 321 1399 trocisous
344 1338 440 1399 Herae
464 1338 635 1418 appellatus.
671 1339 779 1418 recipit
801 1345 900 1400 autem
923 1355 1044 1398 murrae
1067 1340 1191 1408 orooi3

175 1426 314 1508 singulas,
333 1426 470 1488 aluminis
489 1429 574 1488 scissi
592 1427 613 1493 3
630 1425 692 1488 llll.
725 1425 846 1505 colliges
865 1435 895 1487 et
913 1429 1009 1488 uteris
1032 1426 1190 1506 aliquando

175 1531 211 1575 ex
234 1522 318 1576 aceto
341 1515 497 1594 aliquando
520 1517 588 1575 vino
611 1521 740 1576 austero.

135 1620 161 1658 ra
264 1603 299 1664 ad
326 1605 454 1664 tinnitus
481 1605 598 1665 aurirrm
625 1611 656 1664 et
683 1602 819 1664 dilllciles
846 1603 973 1664 auditus.
1015 1602 1114 1665 oleum
1144 1621 1190 1664 ra-

175 1692 309 1753 lanlnum
327 1709 396 1753 cum
414 1699 499 1754 aceto
523 1701 553 1753 et
575 1694 655 1753 nitro
678 1693 709 1752 in
732 1709 793 1753 orno
812 1690 1019 1752 commiscebis
1042 1700 1073 1752 et
1096 1692 1190 1752 lerve-

175 1781 261 1841 laotls
285 1783 389 1842 uteris.
710 1827 712 1832 .

264 1868 343 1929 aliud
375 1867 411 1928 ad
444 1868 579 1929 difficiles
616 1867 735 1929 auditus
767 1877 798 1929 et
829 1869 968 1930 surditati
1000 1869 1191 1930 conveniens.

175 1953 298 2016 ellebori
330 1955 388 2016 albi
420 1960 441 2027 3
468 1955 495 2036 1,
526 1956 662 2017 afronitri
694 1955 715 2025 3
745 1955 794 2039 is,
826 1958 955 2018 castorei
982 1959 1005 2032 ᾖ
1034 1955 1083 2039 lS,
1115 1960 1193 2018 aceti
1272 1963 1273 1973 ³

135 2061 162 2100 ao
176 2045 300 2104 acrioris
322 2044 401 2124 quood
426 2045 585 2106 sulleccn't.

247 2273 261 2321 1
282 2270 311 2322 el
329 2267 365 2322 ad
383 2267 558 2322 obtrusiones
573 2285 608 2337 p:
628 2269 658 2322 el
675 2267 864 2323 obstrusiores
882 2270 943 2336 (om.
960 2268 1006 2335 ad)
1026 2284 1047 2322 c.
1131 2286 1193 2338 uc,
1271 2331 1272 2340 χ

175 2372 242 2424 qsp
260 2343 302 2425 (q⁰s
316 2356 372 2423 p).
466 2355 620 2410 danfrosis
640 2374 662 2422 o,
683 2350 756 2412 erlis
770 2373 800 2426 p.
882 2357 912 2410 ei
929 2372 979 2410 oon.
994 2372 1024 2425 p.
1106 2360 1136 2412 ei
1155 2358 1191 2412 ad

175 2425 261 2480 inicia
280 2425 388 2480 surdiia
410 2424 495 2479 inicio
514 2425 582 2479 nitri
600 2426 669 2480 nitri
687 2430 717 2482 el
735 2425 865 2482 coloniiri
883 2431 930 2483 etc.
950 2443 972 2482 c.
1082 2433 1098 2481 3
1118 2427 1191 2484 afor-

174 2495 280 2550 nitrum
298 2497 362 2562 (sie)
375 2512 405 2564 p.
479 2495 642 2551 commisces
662 2514 702 2566 op.
775 2504 871 2552 lucro
887 2514 908 2552 e.
981 2498 1011 2552 ei
1027 2499 1103 2567 (onte
1116 2499 1190 2566 oleo)

175 2583 225 2622 om.
235 2583 267 2636 p.
340 2563 492 2637 opmiclos
510 2567 575 2635 (sie)
592 2583 607 2621 c
626 2568 744 2634 (vermes
764 2567 858 2636 Petu).
945 2573 961 2622 6
983 2567 1139 2624 Centauree
1158 2587 1193 2638 op

175 2638 262 2706 (-rie
281 2637 372 2706 Petu).
462 2640 512 2691 aut
529 2638 651 2692 marubii
668 2641 699 2708 (p
717 2644 742 2694 et
762 2639 850 2706 Petr.)
867 2653 917 2693 orn.
937 2655 959 2694 e.
1051 2645 1066 2694 7
1085 2639 1194 2695 inlusos

175 2708 327 2763 excludunt
341 2725 372 2778 p.
445 2715 460 2762 9
479 2707 608 2777 pauhseis
626 2711 718 2764 oouou
728 2727 758 2780 p,
777 2709 938 2782 paruuliscs'r
955 2709 1050 2764 oetion
1067 2728 1088 2766 c.
1164 2714 1195 2766 et

175 2780 305 2850 deterges
323 2795 373 2834 orn.
393 2794 415 2834 c.
489 2784 522 2832 11
542 2779 679 2834 seniolam
696 2798 720 2847 o,
740 2781 847 2836 saniem
863 2797 894 2850 p.
968 2785 1056 2850 disp.
1130 2781 1195 2835 uni-

174 2868 256 2907 versa
274 2867 301 2906 e:
319 2866 370 2906 ont.
385 2865 415 2920 p.
526 2855 558 2904 12
577 2851 644 2906 here
657 2868 688 2921 p,
708 2851 851 2922 (Troeisci)
870 2867 936 2906 uere
955 2868 977 2907 c.
1085 2853 1112 2918 ll
1130 2854 1195 2922 (urit

175 2941 240 2996 odd.
266 2941 290 3007 e)
313 2939 395 2994 mirle
419 2919 488 3008 (dre
508 2940 541 3009 p)
567 2956 600 3008 op
624 2942 745 3010 (myrrae
769 2965 803 2985 =
827 2935 950 3010 σμύρνης
973 2940 1114 3009 uenenum
1138 2956 1195 2995 ease

176 3011 290 3066 collatus
305 3010 427 3065 Galenus
444 3011 520 3067 docet
538 3009 616 3080 XII,
635 3015 697 3067 610.
713 3015 771 3068 628
784 3015 858 3082 aqu).
933 3015 1003 3106 1333
1022 3011 1150 3082 singulos
1166 3028 1193 3065 e:
1270 3023 1271 3026 ’

175 3097 380 3168 afi.3.l.p.
451 3098 539 3161 ΠΗ
559 3117 580 3169 o,
600 3100 728 3170 3X11p.
802 3099 899 3169 colligi
913 3101 1039 3169 (-gl'=
1057 3098 1136 3169 gitur
1149 3101 1194 3170 12⁰)

175 3187 241 3241 aino
265 3170 375 3240 tustino
399 3186 540 3255 (-trino).
581 3188 628 3242 rel
646 3194 735 3244 aceio.
774 3190 804 3244 el
828 3187 915 3242 uteris
929 3203 965 3256 p,
989 3187 1099 3256 colligis
1124 3187 1194 3242 vino

176 3256 287 3328 austero
310 3257 351 3324 (er
377 3256 410 3310 in
435 3260 503 3326 roe.)
526 3258 556 3312 ei
580 3258 667 3314 uteris
694 3258 845 3328 aliquando
870 3275 905 3312 ex
927 3261 1008 3314 aceto
1035 3258 1194 3328 aliqnando

174 3328 240 3383 vino
259 3329 370 3382 ausimo
385 3342 406 3380 o.
480 3334 513 3383 1o
531 3329 618 3398 (etp)
634 3329 664 3383 in
682 3347 738 3384 nno
758 3332 802 3399 (oo
822 3359 855 3369 -
875 3330 900 3398 o)
918 3329 1018 3385 misces
1040 3347 1082 3399 cp.
1158 3334 1193 3383 18

175 3402 205 3453 et
223 3397 354 3453 surditati
371 3413 422 3452 om.
442 3414 463 3454 c.
572 3399 949 3471 1931.S.p:113l(io
972 3401 1027 3468 linc
1044 3407 1152 3468 omaus)
1170 3417 1194 3456 c.

175 3475 210 3525 20
229 3469 354 3525 acenoris
372 3469 436 3537 (aie)
453 3487 479 3538 q.
499 3487 520 3524 s.
540 3485 562 3524 c.
636 3472 742 3528 sulfioil
760 3469 906 3554 elsulfid‘m
924 3471 1015 3545 (ecrit)
1029 3487 1059 3540 p.
