2576 4040
465 233 705 300 -rst-

165 376 252 440 aliud.
290 385 403 438 cretam
426 376 575 438 cimoliam
596 395 666 438 cum
684 376 812 440 alumine
836 379 930 440 scisso
948 395 1024 456 aqua
1042 395 1089 438 re·

72 464 172 528 solves
199 473 230 528 et
256 483 312 546 per
340 472 437 526 totum
464 463 501 526 ab
528 464 701 544 inguinibus
729 473 759 526 et
785 468 903 546 pectine
930 483 1027 545 nsque
1053 466 1090 528 ad

73 552 166 634 pedes
189 556 221 616 in
245 553 307 614 sole
331 552 454 616 oblines.
872 635 876 642 Ι

165 641 245 702 aliud
264 641 300 702 ad
318 641 506 722 hydropicos.
543 659 709 722 sympasma
731 641 961 704 desiccatorium
982 659 1090 704 menae

72 729 220 792 ferventis
243 729 453 805 adobrntione,
482 747 571 810 qnam
599 730 819 794 ammocboslan
840 739 959 804 vocant,
986 737 1018 792 et
1038 730 1118 810 by-⁶

72 817 200 898 dropica
227 826 259 878 et
285 820 364 880 sicca
392 817 511 900 lavabo,
539 837 615 898 quae
638 837 656 880 a
678 818 800 880 Graecis
822 817 971 882 xerolusia
993 817 1092 898 appel·

72 904 165 967 latur.
193 905 285 968 idest
303 915 498 987 sympasmate
515 909 601 987 prius
615 909 734 986 corpori
748 907 867 970 sudanti
880 909 912 968 in
925 925 994 968 aere
1012 905 1092 968 bono

12 1009 13 1034 ¹
71 992 261 1056 lavacrorum
288 1013 424 1076 asperso,
451 1004 482 1056 et
509 997 552 1056 sic
579 985 690 1058 sabano
717 997 797 1056 sicco
825 995 1032 1076 detergantur,
1062 1002 1093 1058 et

12 1135 13 1162 p
70 1081 131 1142 alia
153 1080 246 1144 multa
268 1082 380 1162 cyclico
404 1084 500 1146 modo.
536 1083 713 1146 mirabiliter
736 1091 886 1164 operatur.

205 1213 343 1278 LXXVII.
379 1215 428 1276 Ad
451 1217 762 1298 praefocationem
786 1217 957 1278 matricis.
1105 1235 1132 1275 ro

165 1311 420 1375 Praelocationem
438 1316 571 1376 matricis
595 1317 732 1394 sequitur
754 1313 873 1375 subitus
896 1331 993 1398 casus,
1010 1316 1091 1374 vocis

72 1403 238 1480 amputatio
257 1410 292 1462 ut
309 1401 526 1483 obmutescant,
549 1410 580 1462 et
597 1402 794 1482 apprehensio
814 1420 935 1484 sensus,
957 1401 1093 1463 dentium

73 1489 203 1549 confixio
223 1497 253 1549 et
272 1489 384 1550 stridor
406 1489 528 1568 rapidus
550 1491 592 1550 ita
614 1500 649 1550 ut
671 1492 851 1550 accessionis
873 1498 1009 1570 tempore
1033 1507 1093 1551 una

73 1595 145 1656 pars
165 1579 226 1637 oris
245 1577 282 1637 ad
301 1577 424 1638 alteram
441 1588 558 1657 partem
577 1578 704 1638 conduci
726 1577 875 1658 rideatur,
897 1578 1092 1639 articulorum

71 1667 257 1746 contractio,
288 1665 532 1744 praecordiorum
560 1665 743 1745 suberectio,
773 1667 868 1744 ipsius
896 1668 1028 1726 matricis
1055 1665 1092 1726 ad
1106 1678 1132 1718 1⁶

74 1755 251 1832 superiores
283 1761 382 1832 partes
419 1733 599 1833 subiugium.
648 1762 721 1814 tunc
758 1755 847 1814 otiam
881 1754 1012 1814 thoracis
1044 1773 1093 1814 ex-

74 1842 171 1902 tantia
199 1841 328 1901 efficitur
355 1850 386 1902 et
417 1841 521 1922 pulsus
547 1844 690 1924 parvitas,
721 1841 870 1922 aliquibus
898 1851 929 1904 et
955 1843 1093 1904 alienatio

75 1931 186 1990 mentis
216 1937 246 1990 et
272 1931 381 1990 iterum
407 1929 505 1991 subita
527 1933 692 2011 resumptio
720 1933 760 1992 ita
783 1938 818 1992 ut
840 1934 939 1992 omnia
962 1951 1037 2011 quae
1060 1933 1091 1993 in

73 2019 247 2078 accessione
271 2021 420 2079 senserint
443 2017 625 2080 dimissionis
647 2029 782 2100 tempore
805 2020 1011 2083 recordentur.

146 2139 164 2188 a
182 2133 309 2203 pectine:
327 2136 437 2206 pedena
454 2151 483 2201 c,
500 2136 633 2218 pudende
645 2152 676 2205 p.
767 2141 785 2190 4
804 2141 927 2206 sipasma
945 2153 987 2206 ep.
1075 2141 1092 2190 6

75 2203 216 2260 ferventes
229 2207 295 2276 (esp.
367 2206 404 2260 ad
423 2205 593 2262 obrisronsm
612 2223 635 2275 c,
654 2205 896 2275 adobrilionemp
915 2207 966 2273 (od
982 2222 1039 2260 rem
1056 2207 1092 2272 cs.

13 2311 14 2348 p
75 2276 176 2330 Actiaca
193 2280 248 2357 110,
271 2281 319 2332 27.
342 2279 383 2332 28
405 2281 431 2332 ci
453 2281 485 2362 3ι
507 2283 533 2334 9.
577 2277 645 2332 Gela.
668 2281 702 2359 3¹.
723 2282 781 2346 21).
896 2275 1048 2331 amonisian
1070 2293 1094 2344 c,

76 2351 220 2402 smoeosu'a
233 2362 265 2416 p.
338 2347 368 2403 eb
384 2347 521 2418 ydropica
555 2350 612 2416 ,al
628 2350 755 2418 troprcca
773 2363 788 2402 c
805 2347 879 2414 (fort
894 2349 938 2401 est
954 2347 1003 2416 b).
1077 2353 1093 2402 6

76 2419 175 2488 xero(u
189 2415 286 2486 c)lusia
305 2434 347 2488 cp.
433 2425 449 2474 ‘t
468 2418 486 2474 i
506 2365 554 2488 (id
565 2419 619 2490 est)
638 2418 776 2488 sispnsma
793 2416 869 2488 prius
887 2418 1011 2488 corporis
1029 2435 1092 2474 esu-

78 2539 158 2596 danti
171 2556 198 2608 c,
217 2543 247 2596 eb
261 2491 506 2628 septematffiq
523 2545 554 2612 (q
571 2543 623 2598 del.
636 2545 684 2613 ρο)
699 2541 823 2613 corporis
838 2541 951 2598 sudanti
960 2559 991 2612 p.
1063 2541 1094 2600 in

80 2642 143 2684 sere
167 2629 242 2686 bono
265 2631 441 2687 lavacrorum
459 2647 488 2688 e:
510 2631 541 2687 iu
565 2631 721 2701 lavacrisp
741 2631 788 2698 (cs.
809 2629 881 2687 Geel.
900 2631 971 2686 Aer.
991 2632 1046 2686 cler.
1066 2636 1093 2698 3,

77 2703 150 2768 117).
221 2717 334 2772 aspersa
347 2719 370 2770 c,
384 2719 490 2773 ψεαρ.
559 2702 669 2758 elicito
683 2702 767 2758 modo
780 2717 803 2770 c,
819 2701 890 2756 ciclo
904 2701 988 2756 modo
997 2702 1094 2769 pubi

13 2789 14 2801 ¹
77 2769 195 2824 adactae
203 2778 238 2842 ρο
255 2774 275 2829 a'.
292 2789 313 2828 c.
329 2779 461 2830 corrector
474 2789 588 2830 coaevae
602 2789 671 2828 socc.
688 2773 741 2826 XI
745 2772 783 2826 Va
806 2770 825 2826 i.
839 2771 922 2825 modo
936 2771 990 2824 hoc
1008 2771 1093 2826 modo

78 2837 129 2895 illo
151 2840 279 2898 iterando
305 2860 374 2913 opus
397 2845 426 2900 et
449 2843 486 2899 ad
508 2843 584 2899 idem
607 2843 701 2912 sepius
724 2841 889 2896 revmmndo
914 2840 957 2894 ita
982 2839 1095 2894 ridetur

78 2908 147 2966 lieet
165 2912 293 2969 dubitem
310 2917 349 2984 (t).
431 2916 564 2984 operatur
580 2914 645 2981 (sic)
662 2927 704 2981 cp.
793 2916 826 2965 io
843 2911 885 2966 De
902 2909 1094 2980 prolocutione

79 2997 116 3036 m.
130 2997 161 3049 p.
271 2985 501 3054 11matrieisp:
525 2986 576 3039 aaa
598 2985 757 3053 (autema.
866 2986 898 3036 lt
917 2981 1053 3050 aphensio
1071 2998 1094 3050 c,

80 3063 186 3166 adpffffro
196 3105 227 3159 p.
300 3109 431 3147 sensuum
446 3108 469 3146 c.
542 3095 575 3144 13
590 3087 727 3144 conflixio
742 3104 764 3144 c.
835 3086 950 3158 rapidus
963 3105 992 3143 c:
1005 3103 1055 3144 om.
1064 3106 1093 3160 p.

83 3199 114 3248 15
133 3175 181 3265 ᾆῖῠ
198 3213 232 3268 pc
251 3198 426 3254 detractione
444 3215 466 3253 c.
552 3195 703 3266 auberepti
712 3195 784 3289 u(sic)
800 3211 828 3262 c,
846 3194 1017 3266 sumectiop
1036 3199 1095 3268 (pae-

81 3281 233 3354 τεωρισμός
255 3287 315 3344 Sor.
334 3303 365 3357 p.
389 3291 446 3342 249
464 3285 513 3355 D).
588 3291 621 3340 1o
646 3283 785 3358 subllglt'lb
802 3299 838 3354 p,
861 3283 1054 3355 subfumigat
1080 3301 1095 3340 c

82 3347 228 3426 (dvepopai
252 3357 312 3414 Sor.
334 3375 363 3428 p.
382 3360 458 3444 249).
577 3362 737 3426 supervus
761 3371 783 3410 c.
891 3371 916 3410 a.
941 3357 970 3410 et
993 3355 1095 3410 meniis

82 3423 215 3483 alienatio
228 3445 265 3499 p,
283 3447 308 3486 a.
327 3428 463 3485 alienatae
482 3429 511 3483 ot
528 3427 641 3484 mentiri
658 3443 681 3484 c.
769 3431 802 3482 18
821 3426 934 3482 subdita
952 3441 974 3480 c.
1062 3431 1094 3479 19

83 3497 269 3556 accessionem
287 3517 327 3570 cp.
401 3498 519 3556 senserit
537 3515 564 3570 c,
587 3497 758 3568 sumpserint
770 3511 800 3566 p.
873 3494 1018 3551 diuisionis
1036 3511 1100 3550 c·
