2558 4022
560 247 774 313 ,64-

247 396 279 455 ln
307 392 511 456 curationibus
538 410 609 454 vero
638 394 664 453 si
691 392 801 453 nimius
829 391 920 452 inerit
947 390 1032 453 dolor
1054 400 1177 471 praeter

158 482 349 564 putredinem
382 484 579 562 gingivarum,
612 487 730 560 oportet
765 479 889 541 sacculis
920 479 990 541 salis
1021 481 1178 542 torrefacti

159 571 224 634 ioca
252 589 327 651 quac
356 569 473 632 dolores
500 571 654 650 patiuntur
681 570 867 630 extrinsecus
890 585 1042 648 vaporare.
1086 571 1177 630 etium

160 670 191 723 ct
213 659 496 740 apossegmatismum
517 659 752 719 masticatorium
770 663 889 737 oportet
911 655 1061 738 adhibere,
1085 675 1176 737 wana

134 749 266 810 sGraoci
292 765 484 808 mosomenon
511 754 630 822 vocant,
662 755 693 808 et
720 745 877 807 conficitur
905 747 961 806 sic:
993 746 1176 826 stadsagriae

160 845 191 900 et
217 838 356 898 mastices
379 842 410 896 et
435 836 561 916 pyretri,
591 836 724 896 omnium
750 835 842 896 trium
869 835 952 913 paria
978 833 1112 914 pondera
1145 835 1176 895 in

160 943 221 987 uno
248 924 405 1003 diligenter
438 922 618 1005 contundes,
646 941 732 984 cerae
764 921 914 983 modicum
941 921 1119 984 admiscebis
1145 931 1176 984 et

160 1012 274 1099 rotulas
301 1012 408 1093 finges,
437 1029 510 1090 quas
538 1009 644 1072 Graeci
670 1012 816 1072 trooisoos
843 1018 958 1072 vocant.
1002 1029 1039 1072 ex
1066 1011 1176 1090 quibus

161 1099 359 1162 masticandos
382 1097 478 1180 dabis,
501 1107 533 1160 et
554 1098 695 1160 inclinato
719 1101 815 1178 capite
838 1098 995 1160 humorem
1014 1100 1175 1161 decurrere

123 1204 149 1245 ro
162 1188 303 1251 dimittes

251 1276 330 1338 aliud
358 1275 394 1336 nd
422 1275 519 1337 dentis
548 1275 678 1358 dolores,
706 1275 850 1355 enchymo
877 1275 907 1336 id
938 1283 985 1338 est
1011 1276 1122 1338 infusio
1145 1279 1176 1338 in

162 1383 258 1428 nares.
294 1363 394 1446 betae,
421 1370 453 1424 et
476 1363 581 1426 meiius
603 1366 743 1445 agrestis,
770 1363 880 1425 radicis
902 1381 976 1426 suco
998 1367 1031 1425 in
1053 1364 1176 1427 nuribus

162 1455 257 1534 ipsIus
284 1454 377 1532 partis
405 1451 533 1513 dolentis
560 1453 659 1514 infuso
683 1451 800 1513 dolores
826 1452 960 1514 dentium
983 1453 1088 1514 solves.
1125 1453 1176 1514 ob·

163 1539 341 1603 servandum
367 1547 522 1620 praeterea
549 1540 586 1602 ab
614 1539 752 1602 omnibus
780 1539 904 1620 frigidis.
945 1559 1014 1602 nam
1044 1541 1177 1624 Hippo-

123 1645 149 1687 n
163 1637 283 1691 crates
305 1631 336 1690 in
360 1628 508 1690 aforismis
531 1631 574 1690 sic
598 1631 652 1710 ait,
674 1647 762 1690 omne
785 1629 926 1708 trigidum
947 1629 1087 1691 dentibus
1110 1649 1176 1693 esse

162 1717 270 1780 hostile
298 1719 359 1778 sive
385 1719 553 1805 inimicum,
585 1717 665 1798 quod
698 1725 797 1779 autem
831 1717 959 1780 calidum
986 1720 1115 1780 amicum
1147 1727 1178 1780 et

164 1805 346 1868 delectabile.

253 1894 379 1974 iysicum
411 1893 447 1954 ad
484 1893 617 1955 dolorem
647 1893 753 1976 malac,
785 1894 822 1955 de
855 1893 1060 1956 vindiciani
1091 1895 1178 1958 stri.

234 2121 251 2169 2
270 2115 380 2171 saculos
397 2115 462 2186 (sic)
480 2115 546 2172 salis
564 2132 591 2172 e:
610 2115 677 2173 solis
694 2118 758 2186 (sic)
777 2117 896 2173 sacculis
910 2134 942 2188 p.
1019 2119 1179 2192 tupofleg·

163 2185 352 2242 notissimum
365 2201 396 2256 p.
475 2203 571 2258 queunt
590 2188 665 2258 quod
684 2205 716 2259 op
736 2190 784 2258 (cf.
806 2189 857 2244 Th.
877 2189 1086 2260 Pn'so.1,14).
1162 2198 1178 2248 5

163 2261 347 2328 mesumenp,
366 2263 512 2314 masu'me.
585 2262 647 2316 oet
659 2275 709 2316 om.
720 2277 743 2330 p
761 2260 839 2328 (ou).
911 2259 1028 2318 mastica
1043 2279 1066 2330 e,
1085 2269 1135 2320 -ᾱ
1146 2280 1178 2334 p.

163 2329 263 2398 piretri
280 2344 322 2397 cp.
412 2329 536 2384 omnium
558 2331 644 2385 trium
668 2347 695 2387 o:
719 2347 770 2386 ora.
785 2347 816 2413 p.
906 2331 1032 2400 pondere
1054 2349 1116 2389 cere
1140 2353 1179 2390 m.

164 2398 301 2453 admisces
320 2401 349 2453 et
370 2399 400 2454 in
422 2400 489 2456 vino
512 2399 663 2470 diiigenter
685 2403 807 2456 contusos
831 2401 881 2470 (sic
903 2417 930 2469 o,
959 2403 1116 2460 commissis
1138 2408 1179 2476 p).

163 2484 370 2570 rumorosis
387 2487 439 2553 (se
455 2503 488 2556 o,
504 2486 632 2572 pinsum
649 2491 674 2557 a
693 2507 772 2559 ouu-
808 2492 852 2560 (αι
894 2473 952 2561 ‚is
966 2493 1012 2561 ψ)
1031 2507 1072 2562 o·
1110 2510 1181 2563 nae

163 2556 260 2640 ordoce
277 2572 384 2612 moereo
402 2572 517 2613 eureos.
602 2561 744 2616 8rotnius
761 2576 809 2630 cpe
831 2507 909 2616 -fos
933 2563 1008 2618 Patr.
1099 2580 1134 2619 ox
1152 2584 1179 2636 q.

163 2626 370 2682 mustreandum
389 2643 417 2698 e,
441 2627 527 2684 —dus
550 2629 641 2700 (d⁹)p
664 2631 712 2702 (ed
733 2631 939 2689 masticandum
963 2633 1059 2704 Petu).
1145 2642 1180 2690 10

164 2695 284 2752 dimitiis
303 2714 343 2768 ep.
432 2704 463 2752 11
483 2699 561 2756 alind
579 2697 660 2772 (πρὸς
678 2697 890 2772 ddovcuiyluv):
911 2706 961 2760 hoo
978 2704 1124 2774 Apollonii
1141 2712 1182 2762 est

163 2771 209 2835 (ea
231 2767 593 2842 consonuerunt,
621 2777 686 2829 865.
732 2773 986 2844 cflxlnaso).
1093 2775 1182 2832 Aliud
1271 2791 1272 2816 ¹

164 2839 257 2895 dentis
275 2839 371 2896 dolore
390 2841 504 2897 andimu
522 2859 549 2911 e,
574 2843 659 2898 Aliud
682 2843 719 2900 ad
742 2844 870 2899 dantium
886 2846 933 2901 rei
955 2845 1046 2904 uentu
1068 2847 1181 2904 dolores

165 2915 289 2997 inclina
306 2944 337 2997 p.
447 2936 479 2984 12
503 2948 597 2988 nurase
624 2931 750 3002 natiso,
776 2933 891 2988 neribus
909 2950 932 3003 p
953 2934 1064 3001 (Simos
1088 2951 1109 2991 s.
1132 2942 1181 3007 u).

164 3000 260 3057 botas:
279 2998 351 3056 Bsta
369 3016 393 3070 c,
410 3000 479 3058 bace
492 3019 524 3073 p.
597 3003 958 3072 sueum(i1)...iufusum
975 3021 1017 3076 cp.
1107 3008 1182 3064 neri·

164 3069 216 3124 bus
234 3085 261 3124 c:
279 3086 361 3128 neres
375 3087 406 3139 p.
481 3080 514 3128 ta
529 3074 619 3130 solvas
638 3071 765 3144 (idoncos
785 3075 877 3131 solvet
894 3092 917 3143 c,
937 3077 1014 3132 -vit
1026 3093 1057 3145 p.
1132 3079 1182 3134 oio

165 3138 332 3194 servandum
363 3147 420 3209 opi:
453 3144 526 3200 -do
558 3150 622 3200 oute
653 3161 722 3201 corr.
750 3163 782 3215 p.
910 3152 943 3202 14
971 3150 1119 3218 ypocretes
1150 3150 1183 3204 in

165 3225 331 3296 aphorismis
349 3214 387 3295 (ff
399 3230 463 3286 odd.
478 3233 513 3301 p)
532 3249 573 3302 cp.
609 3234 712 3288 citutw
729 3235 856 3290 simfliter
873 3252 892 3290 c
912 3233 962 3290 aa.
980 3235 1070 3292 Prisc.
1089 3243 1117 3304 1,
1136 3241 1182 3293 14.

166 3303 199 3352 15
218 3312 280 3351 osse
298 3297 427 3354 dentibus
444 3317 472 3371 p.
582 3309 615 3359 16
632 3304 736 3360 hostile
755 3305 813 3362 sive
832 3321 858 3360 c:
879 3321 930 3361 orn.
944 3323 976 3376 p.
1085 3309 1116 3362 et
1133 3307 1183 3364 ds·
1269 3295 1270 3377 i

164 3366 409 3482 {afflikmmffl
425 3389 456 3442 p.
530 3379 562 3430 18
580 3375 689 3430 flsicum
707 3391 740 3445 op
758 3377 833 3443 (item
851 3377 950 3444 infru).
1042 3377 1118 3434 molo
1137 3395 1181 3450 cp.

1264 3879 1267 4010 i
