2588 4028
582 251 822 316 -102-

194 399 364 480 agnoscitur
397 405 495 458 autem
527 397 600 458 haec
632 399 731 476 passio
764 398 902 476 quotiens
934 397 1048 474 aegroti
1079 396 1206 476 plurimo

194 486 311 548 fastidio
345 485 543 548 laboraverint
575 493 710 564 tempore
742 485 871 567 prolixo,
904 491 1040 545 cessante
1074 487 1207 564 corporis

194 577 377 638 nutrimento
406 592 495 655 qnam
522 573 627 634 Gracci
655 575 778 635 atrclian
806 581 920 634 vocant.
963 571 1003 632 oh
1027 572 1207 654 diligentiam

196 671 266 725 v'ero
290 665 453 726 curationis
476 662 541 724 olco
564 669 686 724 rutscec
714 663 843 726 admixto
870 661 979 742 butyro
1006 663 1157 742 tepefacto
1178 665 1208 724 iu

168 755 339 815 cauteriari
371 760 401 814 et
432 753 592 832 posteriori
623 759 707 831 parte
740 751 925 812 stomachum
958 751 1075 812 diurnis
1105 750 1208 812 diebus

195 859 368 923 perungues
386 849 417 902 ct
438 840 513 901 lanis
531 840 650 902 mundis
673 840 738 902 loca
755 839 866 902 tutabis
886 849 916 902 et
935 839 1081 901 lasciabis.
1122 841 1208 901 etlam

196 939 226 991 et
253 949 308 1010 per
335 929 494 990 inferiores
521 929 635 1008 podicis
658 937 758 1008 partes
785 931 929 990 iniectum
952 927 1108 1007 magnifice
1132 929 1208 990 lacit.

284 1017 320 1078 ad
350 1016 495 1078 stomachi
521 1017 679 1078 delectum.
723 1020 824 1079 unum
853 1015 996 1096 nigellum
1023 1025 1054 1078 et
1084 1017 1208 1078 torttsst·

195 1123 276 1166 mum
296 1113 327 1166 et
345 1123 502 1167 carnosum
522 1105 676 1166 calciacies
698 1109 816 1168 invase
836 1123 912 1166 novo
933 1113 1030 1166 testeo
1054 1115 1106 1166 aut
1128 1113 1208 1166 certe

155 1207 288 1255 maenae
317 1202 465 1274 stagnato,
492 1202 523 1255 ct
550 1194 657 1254 exinde
685 1197 817 1276 spongiis
847 1193 963 1254 duabus
990 1193 1146 1255 latioribus
1176 1213 1208 1254 ac

193 1281 321 1344 rudibus
339 1292 370 1344 ct
394 1284 560 1344 concavatis
583 1283 696 1344 alterna
720 1285 883 1344 mutatione
906 1285 1006 1362 ipsum
1025 1281 1209 1343 stomachum

194 1371 300 1433 dicbus
332 1370 429 1432 trihus
462 1379 512 1431 ant
545 1373 677 1451 quinque
709 1373 817 1432 iciunis
844 1369 1008 1450 vaporabis.
1052 1370 1209 1450 aliquando

194 1478 264 1520 vcro
293 1463 319 1520 si
345 1459 413 1540 plus
441 1461 560 1520 virtutis
588 1461 686 1540 ipsum
713 1463 815 1521 vinum
842 1458 952 1520 habere
976 1458 1120 1540 volneris,
1150 1477 1208 1538 quo

194 1551 290 1628 possit
311 1550 391 1609 vires
413 1547 575 1610 laborantis
598 1548 747 1629 depositas
769 1549 900 1630 erigere,
923 1549 1039 1628 specics
1062 1550 1210 1608 toncticas

155 1648 181 1689 15
195 1637 385 1719 admiscchis,
407 1637 438 1698 id
462 1645 508 1698 est
530 1639 670 1700 mastices
694 1655 785 1717 grana
808 1637 1000 1716 sufficientia,
1027 1635 1210 1697 absinthium

194 1729 357 1808 ponticum,
377 1727 471 1808 alcen,
494 1725 715 1807 squinanthnm‚
734 1734 890 1806 storacem,
913 1727 1011 1786 omnia
1032 1725 1211 1786 admodum

195 1818 294 1876 mittes
322 1825 352 1876 et
380 1833 492 1893 coques
519 1817 551 1874 in
578 1815 647 1874 vino
674 1824 705 1874 ct
732 1817 774 1875 sic
803 1813 967 1893 raporahis.
1007 1813 1106 1876 hicme
1140 1832 1211 1875 vero

194 1911 350 1982 postquam
382 1903 583 1982 reportaveris,
615 1910 646 1961 ct
673 1901 798 1962 nardino
826 1901 891 1963 oleo
925 1901 1018 1964 calido
1049 1905 1211 1964 summisso
1279 1909 1280 1993 l

194 1998 224 2050 et
251 1990 408 2069 dihgentcr
434 1989 576 2050 calefacto
605 2007 776 2069 perungues
805 1999 836 2052 ct
859 1993 902 2053 sic
929 2007 1064 2072 purpura
1092 1993 1212 2072 operias

154 2092 180 2133 sc
194 2087 224 2139 ct
246 2089 280 2140 ut
303 2078 364 2139 dixi
387 2077 532 2139 iasciabis.
1278 2137 1279 2140 ,

84 2183 155 2231 surm·
168 2179 216 2222 Vs·
285 2167 446 2246 [trociscus
470 2168 581 2228 iaciens
605 2167 641 2227 ad
666 2167 809 2229 stomachi
832 2171 960 2229 atoniam
984 2169 1073 2230 etad
1098 2171 1212 2230 ventris
1278 2149 1279 2221 l

192 2259 419 2320 reumatismum
441 2257 612 2320 infantibus.
654 2274 775 2320 masuca
797 2257 925 2318 conlecti
945 2257 981 2318 de
1000 2257 1113 2320 vitibus
1137 2276 1211 2320 non·

263 2502 279 2550 2
298 2496 490 2551 laboraverint
507 2513 533 2566 9,
553 2503 654 2552 -rnnt
672 2515 695 2564 c,
713 2498 845 2554 laborant
858 2515 889 2567 9.
981 2507 997 2554 3
1022 2516 1110 2570 quam
1129 2485 1160 2570 (ἃ
1180 2503 1213 2571 9)

191 2584 241 2636 99ε
260 2567 395 2636 miqucd)
414 2583 436 2623 c.
509 2567 635 2622 atrociam
648 2587 674 2639 9,
694 2569 813 2624 succan
832 2586 847 2624 c
865 2570 950 2638 (—fis'a
963 2573 1006 2641 9).
1079 2573 1213 2627 4cleum

192 2639 386 2707 cccccccccc,
410 2637 503 2693 oleum
521 2639 647 2694 cumaeis
666 2657 693 2706 c,
716 2639 783 2696 ol'm
801 2643 915 2696 rutsceo
929 2658 960 2710 9.
1052 2641 1213 2698 admixtum

193 2707 318 2763 buh'rcm
331 2726 355 2778 9
373 2709 438 2778 (-ο
456 2711 507 2780 gc).
580 2709 755 2780 tepefactum
771 2727 817 2781 99,
835 2713 902 2767 -tc
920 2729 942 2766 c.
1016 2712 1164 2768 cdiuanis
1182 2731 1212 2782 9:
1275 2771 1276 2774 Ἴ

191 2779 330 2835 dinturnis
348 2795 391 2849 cp.
476 2787 493 2835 c
512 2797 651 2850 perunges
668 2797 718 2851 99,
737 2797 841 2852 -gues
860 2799 882 2838 c.
973 2783 1083 2839 latebis
1101 2802 1149 2856 gc:
1167 2788 1213 2838 tu-

190 2851 271 2907 bsbis
290 2854 332 2921 (ut
348 2855 461 2920 semper)
475 2870 505 2921 9.
596 2851 735 2907 'tinlectit
754 2871 779 2924 9.
869 2859 886 2908 9
906 2854 1037 2910 calefacis
1054 2872 1093 2926 99
1113 2856 1212 2924 (male-

190 2923 274 2978 factis
292 2925 327 2992 c).
430 2924 460 2977 in
478 2939 527 2977 vas
546 2939 651 2978 norum
669 2926 790 2980 maleum
810 2923 902 2992 (innoc
917 2927 1040 2981 testeum
1059 2943 1167 2982 novum
1186 2929 1211 2993 c)

191 3010 215 3048 a.
232 3009 254 3047 c.
269 3010 369 3049 cneum
384 2996 600 3065 stagnatumcp.
674 2999 707 3048 12
721 2993 832 3050 ieiunus
845 3012 871 3065 9.
946 3003 979 3052 ta
995 2997 1136 3052 admisces
1151 3015 1211 3068 9ι9.

191 3064 316 3145 masticis
335 3081 368 3135 9ο
385 3067 447 3134 (-c
462 3068 502 3135 9).
578 3071 611 3122 16
629 3064 775 3134 ponticum
797 3082 848 3120 om.
868 3084 908 3136 φ.
982 3067 1167 3137 squinancem
1186 3086 1211 3139 9,
1274 3073 1275 3132 l

192 3136 251 3188 -h
268 3151 296 3204 c,
315 3138 394 3190 -tcs
407 3153 437 3203 9.
525 3141 557 3190 17
577 3135 667 3192 mittis
685 3153 735 3205 91³,
754 3137 832 3192 -taa
850 3153 873 3194 c.
962 3143 994 3199 18
1014 3137 1168 3195 summisso
1187 3156 1212 3207 9,

191 3204 328 3272 submisso
343 3221 383 3273 cp.
459 3211 491 3260 ts
506 3221 643 3276 perunges
657 3224 702 3277 99,
719 3224 822 3276 -gucs
837 3224 859 3264 c.
933 3209 1025 3278 operis
1039 3225 1101 3280 gap.
1179 3217 1209 3264 21

190 3291 258 3345 seqq.
268 3276 400 3344 usquead
412 3292 437 3330 c.
447 3280 483 3330 10
493 3279 588 3359 9103
602 3279 763 3334 mmccccl
776 3280 807 3333 a'n
816 3281 842 3347 c'.
907 3280 1008 3335 sconia
1017 3297 1041 3349 c,
1055 3281 1178 3338 ethome
1182 3299 1214 3350 9.
1273 3325 1274 3367 g

192 3351 225 3400 22
244 3362 358 3402 masucc
376 3347 541 3416 (naccugcla
561 3347 597 3415 cf.
616 3349 677 3402 Aet.
691 3353 737 3416 13,
755 3354 819 3404 118.
854 3350 934 3406 Alea.
956 3351 1003 3406 Tr.
1019 3369 1050 3421 9.
1066 3356 1137 3410 322.
1158 3357 1215 3408 470

190 3415 259 3474 Bos.
274 3423 321 3472 stc.
381 3433 497 3472 mascua
511 3417 648 3474 confectio
661 3437 707 3476 ros
721 3419 833 3475 corticis
847 3421 978 3478 robustos
992 3424 1044 3492 (sic
1057 3439 1141 3479 emeat
1155 3439 1215 3478 unc
1272 3439 1273 3456 ³

189 3510 253 3579 om.)
272 3525 298 3574 c,
322 3513 436 3563 misaca
455 3493 580 3578 (missu‘cc
599 3532 633 3554 ==
652 3512 800 3564 mansueta
813 3511 859 3578 1³⁰)
885 3510 1025 3567 confectio
1050 3511 1086 3568 de
1105 3511 1217 3569 vitibus
