2576 4040
484 265 638 331 —203
685 301 728 312 -

109 419 132 469 c,
151 402 270 457 —clima
288 405 321 472 p)
345 404 400 458 hoc
418 404 461 457 est
478 401 577 458 inlini·
644 419 679 456 ex
712 403 778 458 vinc
809 404 1013 461 vehementiori
1045 423 1109 463 con·

109 475 235 528 mentum
254 479 297 528 37.
643 473 749 528 fectum
767 491 852 543 quam
875 471 1037 546 trucidassent
1061 495 1109 533 vo-

17 555 18 616 }
91 539 289 614 δικέφαλοςτ
326 543 385 598 alia
420 545 502 612 (uvae
534 543 575 597 di·
644 546 718 598 cant.

108 613 224 675 stantia)
253 613 418 684 dicephalos
453 614 576 684 (diaeces-
626 606 796 684 ἕγκαυσιςε
834 615 858 670 si
890 633 924 671 ax
958 633 1110 674 encaumos

16 717 17 764 p
107 685 208 753 phales
236 687 263 754 9)
292 685 438 755 appellata
463 686 509 740 vel
537 685 577 754 (id
642 685 730 740 fuerit
747 686 828 741 dolor
845 686 934 741 idest
950 703 984 742 ex
998 689 1109 744 ustione

15 968 17 1066 l

108 756 153 809 est
171 756 215 824 ep)
234 755 360 824 bicapita
378 761 421 810 35.
644 755 718 810 aeris
729 763 752 813 1.
772 756 844 812 sien
858 773 1010 814 encauseos
1024 761 1110 830 caput

89 825 321 898 διουρητικόςτ
350 826 500 882 diureticos
525 843 575 896 po·
642 826 764 881 doluerit
787 827 943 884 laborantis
963 829 994 884 id
1013 831 1110 885 estex

108 895 200 950 tiones
225 895 305 952 dabis
323 897 353 951 id
372 900 416 951 est
434 913 507 966 quae
524 914 576 967 per
642 897 840 954 adustionetl.
864 915 899 954 cx
910 941 916 953 .
928 900 1110 956 ..adustione

107 965 219 1021 urinam
237 983 358 1038 purgare
374 971 512 1023 noverunt
530 974 573 1023 21.
642 969 719 1037 quod
733 985 768 1023 ex
784 985 935 1025 encanseos
952 972 1048 1040 (quam
1062 988 1110 1027 en-

108 1038 175 1106 (44).
215 1039 390 1107 cataplasma
419 1039 575 1094 dinreticon
642 1055 757 1094 canseos
786 1041 830 1109 cp)
863 1041 962 1095 dicunt
989 1047 1032 1099 tt.
1066 1049 1108 1097 64.

106 1107 138 1162 id
155 1110 198 1162 eet
211 1108 318 1164 atinde
333 1113 375 1163 44.
404 1109 573 1178 (antidotum
642 1111 716 1177 (item
738 1111 812 1180 App.
836 1113 894 1167 cod.
920 1112 989 1166 Pur.
1012 1113 1033 1178 f.
1058 1111 1109 1167 85¹³

14 1229 15 1232 ,
107 1178 275 1234 diareticum
295 1183 350 1248 75.)
642 1195 677 1235 ex
710 1179 858 1237 adustione
891 1199 976 1251 quam
1008 1183 1109 1238 Graeci

89 1246 360 1305 δυσαπούλωτατ
382 1251 478 1305 ulcera
501 1251 573 1305 diffi·
641 1267 793 1306 encauseos
812 1252 929 1321 dicunt).

107 1319 161 1374 cile
187 1320 218 1374 in
245 1320 406 1375 cicatricem
429 1321 574 1376 venientia
623 1315 861 1391 ὲγκολπισμόςε
876 1323 943 1376 Sim.
959 1339 981 1377 s.
998 1323 1110 1389 „encol-

107 1391 573 1462 quaedisapnlotafflesapiolitao,
641 1393 748 1461 pismns
775 1410 816 1462 gr.
846 1392 959 1447 Cassius
986 1393 1032 1449 Fe.
1066 1411 1107 1450 ca.

106 1459 260 1530 disapolita
279 1462 323 1530 op)
347 1465 451 1516 vocant
473 1467 507 1517 29
527 1463 573 1530 (cs.
642 1465 698 1531 (78)
709 1503 715 1514 .
727 1506 733 1518 .
745 1463 875 1518 .iniectio
893 1463 924 1518 in
943 1463 1108 1520 matricem“

107 1531 176 1586 Sim.
194 1547 216 1586 s.
236 1531 379 1600 disulcta).
643 1561 677 1572 -
695 1533 751 1587 oid.
770 1529 882 1595 κόλπος.

88 1597 259 1656 δύσκολοι
280 1603 318 1656 ad
336 1602 432 1657 omnia
450 1602 575 1657 carcino-
625 1595 769 1671 ἕγχυμαε
802 1605 839 1656 ad
871 1604 964 1658 dentis
990 1605 1108 1660 'dolores

106 1676 206 1726 mata.
223 1715 229 1726 .
246 1715 251 1726 .
267 1675 297 1726 et
321 1673 358 1727 ad
386 1673 444 1727 alia
468 1672 576 1728 discola
644 1672 774 1726 enchima
792 1673 916 1742 (endima
934 1691 960 1744 c,
987 1675 1108 1730 enclima

105 1743 138 1796 id
157 1745 201 1797 est
219 1743 346 1797 difficilia
365 1749 407 1799 tt.
638 1745 671 1812 p)
690 1743 721 1797 id
740 1745 784 1798 est
800 1743 905 1799 infusio
922 1743 953 1798 in
970 1761 1051 1799 nares
1065 1751 1107 1802 32.

87 1813 296 1886 decapenta:
316 1814 367 1868 sub
381 1813 491 1869 difficili
504 1815 574 1868 tem·
624 1810 724 1885 ἕδραι
748 1814 778 1868 in
801 1830 879 1869 sessu
901 1831 985 1884 quem
1008 1815 1109 1870 Graeci

107 1884 238 1952 perantia
247 1883 370 1954 corporis
378 1902 463 1952 quam
473 1884 574 1940 Graeci
641 1885 728 1940 edran
741 1888 853 1956 vocant,
872 1885 984 1940 diversa
999 1886 1108 1955 podicis

11 1980 12 2012 l
107 1953 262 2010 discnssian
280 1957 382 2010 vocant
400 1959 441 2011 75.
563 1982 567 1989 «
640 1955 710 2011 vitia
729 1955 888 2012 efficiuntur
907 1961 949 2012 ⁷4.
978 1960 1014 2024 cf.
1035 1956 1108 2013 θοοὶ.

11 2019 12 2058 ³
87 2025 572 2094 dveovotazdisuuiaidesturinae
640 2027 696 2081 clsr.
716 2032 746 2095 4,
765 2032 799 2080 45
823 2029 896 2094 (item
919 2029 965 2097 86)
990 2029 1109 2083 sessioni

108 2095 260 2151 difficultas
279 2102 323 2150 46.
640 2115 726 2166 quam
745 2096 846 2152 Graeci
865 2097 951 2166 ἕδραν
969 2102 1079 2154 vocant

88 2167 355 2239 δυσουροῦντεςτ
369 2166 573 2222 minctusdiili·
622 2162 775 2239 ἑδρικόντ
800 2169 976 2235 cataplasma
994 2169 1109 2223 edricon

109 2237 213 2292 cultata
227 2237 421 2292 laborantibus
435 2253 504 2306 quos
518 2237 574 2292 dis·
641 2253 766 2306 appones
775 2238 850 2305 quod
858 2237 952 2291 Latini
959 2238 1109 2292 sessoriom

107 2309 224 2362 uruntas
242 2310 345 2363 vocant
363 2313 407 2364 45.
641 2310 745 2362 vocant
767 2311 810 2363 74.
842 2307 920 2362 aliud
942 2308 1015 2363 med.
1035 2308 1108 2362 edri·

89 2378 283 2444 δυσπεψίας
307 2379 413 2434 faciens
437 2379 473 2434 ad
500 2378 574 2433 duri·
642 2395 696 2433 con
713 2379 750 2434 ab.

107 2449 178 2503 dam
211 2451 240 2504 et
272 2449 309 2504 ad
340 2449 517 2504 debilitatem
545 2450 575 2504 et
625 2444 797 2520 ἑκδόριονε
821 2450 1027 2506 medicamento
1053 2449 1108 2504 dis-

108 2519 320 2589 oppressionem
336 2519 474 2575 stomachi
488 2537 574 2588 quam
632 2520 793 2576 'conisterio
816 2521 960 2591 (deseor—
987 2537 1033 2591 ys,
1062 2521 1109 2576 de-

108 2590 209 2645 Graeci
232 2591 333 2661 dypsin
356 2593 396 2662 (q,
421 2591 529 2660 possim
541 2608 573 2661 p,
643 2607 725 2646 cor—
739 2607 775 2661 p,
795 2607 913 2647 excor-
931 2591 999 2648 Sim.
1020 2609 1041 2647 e.
1061 2609 1108 2647 ex·

107 2661 195 2730 ptisin
209 2664 254 2731 ρο)
273 2666 377 2717 vocant
395 2667 437 2716 42.
641 2661 750 2722 dorion
769 2663 844 2732 qood
859 2662 958 2718 Graeci
975 2662 1109 2718 eodon'on

91 2730 277 2788 δύσπνοιαε
309 2733 419 2803 dispnia
451 2732 574 2802 (dipsnia
652 2733 1013 2801 exdorionc)vooant13.

107 2819 154 2871 90,
197 2803 288 2858 disnia
318 2820 341 2872 p
377 2805 411 2870 cf.
449 2803 517 2858 Sim.
550 2819 572 2858 s.
624 2803 747 2868 stede:
763 2829 797 2849 =
810 2801 1108 2858 verticulaintestino-

108 2873 211 2942 disnia)
239 2890 256 2928 a
284 2873 397 2929 Graecis
420 2873 524 2928 dicitur
543 2874 574 2928 id
641 2891 704 2928 rom
723 2879 756 2927 51
776 2871 860 2941 (Oocl.
875 2889 905 2941 p.
925 2876 991 2927 235.
1011 2873 1089 2939 236).

108 2945 153 2998 est
168 2943 318 2999 difficultas
332 2944 524 3014 respirationis
538 2949 572 2998 41
623 2937 783 3014 iaccensi:
809 2942 918 3026 pcdicis
936 2942 1108 2996 inversiones

108 3014 156 3083 (cf.
174 3015 211 3070 ab.
230 3015 386 3084 dispnoici).
641 3030 711 3082 qnos
725 3012 967 3081 Graec1ectropas
987 3013 1108 3081 (bactro-

90 3079 304 3154 a’yxdtlcoua:
335 3084 495 3140 inscisionis
531 3085 574 3140 to·
640 3100 692 3154 pas
711 3100 734 3153 c,
753 3100 887 3153 enoropas
899 3086 931 3154 p)
945 3085 1048 3138 vocant
1062 3089 1108 3142 75.

107 3155 303 3223 manicationes,
324 3173 391 3211 nam
409 3155 509 3210 Graeci
527 3173 574 3210 en·
623 3149 861 3220 ἐκτυλωτικόςτ
902 3153 1108 3211 medicamento

108 3227 228 3283 catisma
245 3229 348 3282 vocant
366 3232 408 3283 46.
446 3226 573 3282 decoctio
641 3225 784 3281 ectilotico
803 3226 844 3296 (et
857 3224 970 3281 cilotico
983 3243 1009 3296 9,
1029 3225 1109 3281 ectil-

107 3297 330 3354 inencatismate
341 3297 422 3352 idest
433 3297 574 3352 inbalneo
641 3296 728 3352 lotico
752 3298 776 3366 c)
799 3297 829 3351 id
854 3299 897 3352 est
924 3295 1108 3352 excallatorio

108 3385 193 3438 supra
211 3369 312 3424 sellam
336 3368 465 3424 sedenti.
481 3409 509 3422 ..
525 3368 574 3421 ad·
640 3367 714 3422 infra
738 3367 841 3438 scripto
859 3373 895 3422 20
914 3397 948 3407 -
967 3366 1109 3422 confectio

107 3439 199 3494 hibita
237 3445 270 3494 e1
310 3439 356 3509 (cf.
385 3438 452 3494 sim.
479 3454 501 3493 s.
529 3441 573 3507 a).
642 3438 745 3494 collirii
785 3437 927 3508 siriogiaci
972 3435 1110 3492 ectilotici

109 3510 181 3565 Cael.
202 3511 258 3566 cler.
277 3514 302 3580 5,
322 3516 356 3565 69
375 3512 405 3566 et
423 3508 575 3566 sessionem
642 3508 798 3578 (eotilogici
815 3512 844 3578 y)
861 3509 898 3564 ib.
