2576 4040
537 241 778 306 -182-

150 388 274 451 utriculi
291 387 515 450 similitudinem
533 385 672 449 ostendit
704 386 784 448 unde
799 404 908 448 nomen
926 388 1047 466 proprie
1066 388 1165 468 passio

151 480 274 559 ascitas,
297 485 331 538 ut
349 476 422 558 dlxi,
445 477 568 556 accepit.
605 477 789 556 tympaniten
807 474 971 555 hydropem
990 474 1064 536 haec
1084 478 1168 556 signa

151 574 304 628 secuntur.
344 567 524 627 insurrectio
552 566 664 625 ventris
692 571 723 624 et
750 563 892 625 distensio
921 563 1169 643 praecordiorum

153 663 184 716 et
201 672 343 716 venarum
362 652 535 716 subtractio.
573 661 602 714 et
625 655 689 732 ipse
713 670 729 712 a
752 665 843 733 supra
866 651 953 713 dictis
976 654 1077 713 minus
1096 654 1167 714 sitit.

125 742 309 823 onliqrrando
329 745 418 806 etiam
436 744 590 822 peierante
608 743 746 822 passione
769 742 846 803 tussi
865 741 1061 820 exagitantur.
1098 759 1167 802 nam

151 831 331 912 generaliter
348 830 589 911 Hippocrates
612 828 751 890 omnibus
773 828 958 911 hydropicis,
980 828 1048 908 plus
1068 837 1167 892 autem

151 939 168 982 a
190 920 330 1000 pulmone
357 919 553 1001 patientibus,
580 921 612 980 in
640 919 788 980 alorismis
816 919 859 978 sic
887 919 941 980 ait:
971 916 1169 998 hydropicum

151 1011 178 1070 si
200 1010 292 1070 tussis
313 1007 484 1083 obtinuerit,
507 1007 564 1068 hoo
584 1014 630 1068 est
648 1007 848 1087 exagitaverit,
871 1007 936 1066 sine
956 1024 1008 1086 spe
1029 1006 1166 1068 efficitur.

151 1098 263 1158 etenim
303 1098 410 1177 tussis,
452 1094 616 1156 secundum
662 1096 877 1174 expositionem
918 1094 1036 1174 Magni
1077 1096 1166 1156 iatro-

111 1199 137 1238 10
152 1184 284 1265 solistae,
310 1185 335 1244 si
357 1183 554 1264 hydropicum
572 1190 606 1244 ut
624 1201 715 1264 supra
733 1182 795 1244 dixi
814 1184 1015 1262 exagitaverit,
1037 1201 1167 1262 aquosus

151 1274 248 1334 omnis
279 1271 388 1334 humor
419 1271 604 1352 dissolvitur,
640 1280 674 1334 ut
709 1289 765 1351 per
796 1289 884 1332 omne
918 1289 1028 1352 corpus
1061 1272 1167 1333 effusio

150 1361 306 1422 efficiatur.

239 1447 278 1510 ob
302 1448 483 1529 diligentiam
505 1467 576 1510 vero
600 1450 762 1512 curationis
786 1447 1015 1529 chamaedryos,
1038 1465 1167 1528 asarum,

151 1535 293 1598 elelislaci
311 1555 414 1598 semen
436 1537 532 1600 idest
554 1537 664 1599 herbae
684 1536 804 1618 salviae,
827 1535 915 1598 dauci
936 1537 1041 1598 cretici
1064 1554 1168 1598 semen

110 1639 137 1681 rs
150 1625 180 1685 id
209 1632 255 1688 est
281 1628 449 1706 pastinacae
477 1626 641 1706 hortensis,
668 1623 844 1706 petroselini
867 1625 1065 1706 macedonici,
1092 1626 1167 1686 leni·

151 1712 211 1775 culi
238 1714 382 1796 radicem,
413 1716 555 1795 graminis
582 1714 727 1796 radicem,
754 1713 827 1776 haec
856 1721 887 1776 et
914 1713 1106 1794 singulariter
1136 1719 1167 1774 et

150 1803 240 1865 simul
271 1806 303 1864 in
336 1821 396 1864 uno
424 1803 574 1883 decoquas
601 1806 632 1864 in
662 1821 739 1882 aqua
770 1811 801 1864 et
832 1804 928 1882 ipsam
960 1802 1168 1864 decoctionem

149 1907 235 1952 mane
264 1898 295 1951 et
322 1891 358 1952 ad
382 1899 501 1952 noctem
527 1893 612 1970 potui
640 1891 732 1952 dabis.
770 1899 801 1952 et
825 1890 963 1954 excludet
985 1891 1031 1952 vel
1054 1893 1167 1952 inaniet
1281 1931 1282 1934 κ

222 2100 236 2148 1
255 2094 370 2150 utriculi
383 2101 431 2166 ρος
450 2095 600 2152 ventriculi
613 2113 647 2166 op
658 2095 707 2163 (cs.
724 2095 752 2153 0.
767 2097 803 2154 A.
812 2113 844 2167 p.
859 2101 933 2166 471).
1005 2095 1119 2166 proprie
1128 2113 1167 2164 p:

149 2165 294 2236 proprium
312 2183 334 2222 c.
408 2173 424 2222 2
443 2167 544 2223 ascitos
552 2183 587 2237 p:
607 2167 713 2237 absque
731 2169 860 2224 tenentes
874 2184 897 2222 c.
970 2167 1029 2222 dixi
1046 2183 1074 2222 c:
1093 2166 1166 2221 dixi-

149 2254 212 2292 mus
225 2253 256 2308 p.
347 2238 488 2309 Typanite
506 2238 604 2310 idrope
623 2254 650 2306 c,
675 2237 826 2308 timpanite
844 2237 1011 2308 ydropieum
1025 2254 1057 2307 p.
1149 2243 1166 2292 3

149 2315 281 2363 secuntur
300 2325 325 2364 c:
345 2311 497 2379 sequnntur
509 2326 541 2379 p.
613 2310 675 2364 let
688 2315 791 2365 veneni
809 2309 1012 2378 subostensa,
1030 2323 1168 2363 venarum

149 2379 284 2434 surrectio
298 2396 329 2450 p.
402 2397 459 2435 ss.
478 2398 506 2436 cs
524 2379 561 2447 ad
582 2380 735 2450 suprodco's
748 2381 819 2450 μ’
870 2381 977 2436 btussi
990 2397 1026 2450 p:
1044 2381 1123 2434 tussa
1140 2393 1165 2434 c.

149 2449 224 2504 Nam
241 2452 391 2519 ypocrates
409 2468 436 2521 g.
450 2467 487 2520 p,
505 2451 549 2506 Νό
565 2468 593 2520 g.
611 2457 683 2520 ypoc
701 2469 724 2507 c.
814 2449 894 2522 dpl⁹
912 2457 949 2507 ari
968 2468 986 2506 a
1003 2449 1119 2520 pulsnm
1137 2466 1167 2505 c:

148 2521 224 2632 pli}²
238 2555 400 2624 pulmonem
413 2573 444 2626 p.
526 2562 541 2610 l
560 2553 727 2611 amforismis
746 2573 773 2626 e,
792 2558 913 2628 ephoris.
928 2575 951 2628 p
971 2555 1072 2626 (Hr'pp.
1092 2555 1167 2620 III,

148 2630 215 2684 762.
244 2626 279 2694 cf.
295 2629 349 2681 754
367 2627 466 2696 Epa).
556 2625 723 2697 ydropicnm
741 2644 768 2696 c,
792 2632 879 2698 -c‘rp
897 2631 941 2696 (irs
960 2645 1046 2698 marg.
1062 2632 1098 2754 ἕο
1115 2624 1167 2681 ih

147 2697 273 2769 yd0p1h).
364 2703 380 2753 8
400 2696 425 2752 si
442 2700 462 2752 t.
481 2698 697 2768 exegranauerit
715 2693 734 2752 li
754 2700 783 2754 at
801 2701 865 2770 (etc)
880 2703 885 2769 Ι
901 2699 1033 2755 obtinne'r'
1051 2699 1062 2768 (
1079 2695 1165 2768 πέχῃ)

148 2769 209 2826 nine
227 2786 277 2840 spe
295 2784 322 2836 c,
341 2769 365 2823 si
382 2770 402 2827 t.
422 2769 609 2840 exagitaverit
627 2773 669 2824 sni
688 2775 737 2839 spa
752 2786 784 2839 p.
888 2776 904 2826 9
923 2771 1022 2840 magni
1038 2770 1140 2840 hyetto
1159 2767 1164 2840 Ι

148 2858 221 2914 cisae
244 2873 271 2924 c,
299 2861 365 2929 meg
392 2860 472 2928 (corr.
497 2841 573 2929 mag)
598 2857 647 2914 hia
662 2858 668 2926 Ι
683 2858 772 2914 t⁰listo
799 2857 818 2915 i,
846 2857 981 2930 sepientis
1010 2855 1115 2913 medici
1134 2872 1167 2925 p.

149 2934 182 2983 10
202 2929 259 2984 dixi
277 2929 362 2986 tussis
379 2931 436 2997 (it.)
453 2945 496 2984 ex.
570 2934 603 2982 11
618 2945 719 2999 corpus
736 2931 826 2985 omnis
844 2930 946 2986 humor
963 2928 1128 2984 dissoluitnr
1143 2943 1168 2993 c,

149 2998 246 3055 Omnis
263 3000 365 3056 humor
382 3017 504 3070 aquom
523 3000 630 3054 disolisr
643 3017 674 3070 p.
754 3006 787 3055 1a
805 3017 873 3056 varo
890 3017 942 3056 cm.
961 3015 983 3055 e.
1071 3013 1165 3054 came·

147 3070 228 3125 dreos
247 3087 357 3126 asarum
372 3072 436 3140 (sto)
449 3087 481 3140 cp
501 3073 568 3140 (scil.
589 3072 674 3126 eloam
692 3087 790 3140 seneen,
810 3073 889 3127 asari
905 3071 1049 3140 radicato).
1130 3074 1167 3124 14

147 3139 281 3210 elilieingi
294 3159 330 3223 p,
349 3140 424 3195 alilis
441 3141 499 3195 ioci
517 3158 539 3196 c.
630 3158 726 3197 seman
739 3159 776 3212 p,
794 3142 907 3198 seminis
925 3159 947 3197 c.
1038 3142 1058 3199 i.
1076 3139 1168 3196 herba

148 3210 273 3279 salviae,
292 3229 310 3266 1.
329 3211 461 3280 salviep.
536 3218 569 3266 16
584 3212 679 3268 radice
697 3229 720 3283 c,
738 3213 796 3268 red'
812 3230 842 3284 p.
916 3219 1022 3284 gramis
1039 3211 1118 3268 radit
1138 3227 1166 3266 c:

147 3289 276 3351 emp.⁴
316 3276 673 3351 hneoetslip,r(at)c.
747 3283 1166 3352 ttlninococtsc,innno

147 3352 266 3407 decocta
278 3367 309 3422 p.
395 3350 437 3406 l'a
455 3352 608 3410 resonasse
627 3371 653 3422 c,
674 3353 737 3425 ipss
755 3356 871 3412 decocti>
886 3373 918 3426 p.
1009 3360 1042 3410 18
1061 3353 1125 3410 dari
1142 3369 1168 3420 c,

147 3423 192 3478 ds.
211 3423 274 3491 (stc)
289 3440 320 3493 p.
393 3425 423 3478 et
435 3439 470 3493 p:
489 3440 539 3478 om.
559 3441 581 3480 c.
654 3425 776 3482 excludit
789 3443 830 3496 cp.
903 3427 1025 3482 inaniet:
1046 3423 1069 3479 h
1087 3428 1167 3480 amet

147 3509 175 3570 c,
193 3497 303 3565 iaiatp
322 3495 368 3565 (ρο
386 3494 418 3549 in
435 3511 521 3566 marg.
540 3496 650 3566 lentat).
