2566 4016
573 212 791 277 ..33-

175 357 260 418 initio
287 373 359 416 suae
386 357 546 417 nativitatis
574 357 666 418 veluti
693 375 730 418 er
757 375 867 437 genere
896 355 1137 419 exanthemetum
1164 360 1198 418 in

176 445 334 524 superficie
362 445 439 506 cutis
466 445 588 506 teratur.
631 453 662 506 et
688 447 720 506 in
742 446 840 507 medio
864 463 935 507 suae
958 446 1090 524 regionis
1113 448 1197 526 nigri

175 542 210 594 ut
232 532 377 594 carbones
400 533 586 614 efficiuntur,
608 534 688 595 unde
711 535 776 613 ipso
799 536 920 597 nomine
943 533 1119 596 carbunculi
1142 553 1197 596 vo-

177 629 290 683 cantur.
340 630 370 683 et
402 641 472 684 cum
508 630 667 702 augmento
699 622 815 684 dierum
852 625 1014 702 creverint,
1051 623 1196 702 quemad·

149 710 297 772 5modum
314 713 393 778 iutra
411 712 537 772 formam
555 728 640 772 auam
657 709 751 792 basis,
773 719 924 790 tamquam
942 729 979 772 cx
998 711 1196 772 similitudine

177 801 306 860 canteris
329 802 409 860 acuti
436 799 523 860 calidi
545 799 693 881 variolati,
721 816 836 860 scaram
858 799 1034 880 ostendunt,
1061 807 1092 860 et
1122 819 1196 861 cum

175 888 334 966 putredine
357 895 391 948 ut
414 905 501 966 saepe
525 887 586 948 dixi
609 889 788 949 efficiuntur.

266 978 381 1036 curatio
408 983 507 1037 auum
530 977 641 1056 optima
664 975 700 1036 ab
728 978 813 1038 initio
841 975 900 1037 cibi
928 976 1106 1038 abstinentia
1130 979 1195 1038 sive

177 1065 288 1124 ieiunio
316 1071 348 1123 et
374 1067 478 1143 requie
507 1067 642 1144 corporis
664 1064 711 1126 vel
729 1064 847 1126 silentio
870 1067 1004 1148 incipere
1026 1063 1124 1126 debet.
1164 1075 1196 1126 ct

137 1165 163 1204 10
177 1153 202 1211 si
230 1152 358 1231 grandes
385 1153 497 1214 fuerint
523 1151 711 1235 carbunculi,
744 1162 834 1216 erunt
865 1156 979 1232 aegroti
1010 1155 1041 1216 in
1068 1153 1195 1214 brachio

176 1238 399 1322 flebotomandi,
430 1243 577 1302 ettamen
600 1250 681 1303 aetas
704 1251 756 1304 aut
778 1251 897 1322 tempus
919 1241 966 1302 vel
988 1243 1096 1302 virium
1120 1260 1194 1320 qua-

176 1327 244 1389 litas
261 1331 441 1408 permiserit.
474 1338 505 1390 et
524 1332 550 1390 si
567 1338 702 1391 venuem
719 1349 781 1392 non
795 1331 910 1412 lecerit,
928 1329 1055 1410 clystere
1074 1331 1194 1392 acriore

177 1417 363 1478 evacuandus
392 1420 456 1478 erit.
502 1419 575 1498 ipsis
607 1437 677 1480 vcro
710 1418 900 1480 carbunculis
931 1421 1014 1498 perri
1041 1418 1111 1480 salis
1143 1419 1195 1480 dia

177 1503 281 1566 chartu
300 1505 548 1568 medicamentum
566 1506 647 1568 melli
665 1508 828 1569 admixtum
843 1526 859 1568 e
876 1516 956 1568 moto
975 1507 1041 1568 tilto
1060 1525 1194 1587 appones

136 1607 162 1646 1⁵
177 1601 227 1654 aut
251 1603 331 1655 certe
355 1595 477 1657 chloran
501 1614 589 1676 quam
612 1596 760 1676 appellant
780 1605 945 1676 emmoton,
967 1603 997 1657 et
1015 1613 1107 1674 super
1129 1595 1194 1656 len-

176 1860 399 2005 lerntlrrggllcr:e(191l
412 1872 586 1996 egilplmfflpciem
602 1856 849 2008 cpxpprtppppgtpm
866 1857 1117 1996 mnieperrfflprbo
1132 1862 1192 1980 effiz-

176 1995 250 2048 cutur
268 2010 283 2048 c
299 1997 368 2061 (ooo
385 2000 440 2066 pp).
549 2002 565 2050 3
585 1995 768 2052 carbunculus
786 2000 850 2065 (seo)
868 1999 986 2052 vocatur
1003 2013 1018 2050 c
1037 1997 1110 2065 (item
1127 2013 1193 2051 mox

176 2064 296 2119 creverit
309 2109 315 2121 .
327 2111 332 2123 .
345 2105 351 2121 .
366 2066 508 2135 ostendit),
563 2066 701 2138 4qd(i1p)
712 2067 865 2122 admodum
878 2084 923 2137 99,
938 2067 1060 2136 quodam
1073 2067 1157 2122 modo
1168 2085 1191 2123 c.

176 2135 394 2194 tintreforme
412 2137 602 2208 suabeaiep,
626 2139 702 2194 nitro
725 2137 885 2194 formaene
903 2137 978 2194 baele
997 2155 1024 2206 c,
1046 2137 1076 2194 in
1100 2137 1192 2194 forma
1262 2165 1267 2176 «

176 2206 285 2262 enbcsie
302 2211 367 2280 (sic)
379 2227 411 2279 9.
519 2211 554 2276 cf.
574 2210 637 2268 Gal.
656 2211 710 2278 XI,
734 2215 767 2266 76
792 2209 868 2276 (VII,
893 2215 944 2264 ‘119
969 2202 1063 2278 decep
1082 2203 1114 2264 ἐν
1132 2215 1192 2272 τοῖς

175 2273 394 2351 πυρικαύστοις).
467 2287 483 2334 6
499 2281 580 2336 calve
596 2284 600 2350 Ι
616 2280 719 2336 riolnti.
757 2296 837 2334 scara
851 2279 1002 2334 ostendunt
1014 2297 1039 2350 9,
1055 2279 1191 2334 calvario-

175 2366 250 2421 lates
269 2349 366 2424 &reos
385 2369 427 2436 (in
444 2385 530 2438 morp.
544 2365 589 2422 it
607 2370 742 2437 chartoet)
762 2370 814 2424 oet.
828 2385 860 2437 9,
879 2367 1005 2439 calleano
1023 2367 1089 2423 latis
1108 2367 1191 2422 thare

175 2437 257 2494 ondit
275 2457 296 2493 c.
376 2437 508 2493 varioleti
525 2440 598 2508 quod
614 2440 715 2508 scripsi
731 2440 873 2508 respondet
892 2438 993 2494 Geloni
1012 2439 1191 2512 phlyctaenis

176 2509 233 2578 (Xl,
252 2512 304 2576 tc).
341 2513 367 2564 ct
379 2514 418 2564 cet
429 2508 539 2564 variole
556 2512 633 2579 opud
647 2509 776 2565 Marium
789 2509 993 2564 Aventicumem
1011 2508 1121 2578 (Obrue.
1139 2515 1189 2566 eet,

176 2581 224 2635 lot.
253 2582 293 2636 ed.
319 2579 450 2636 Roocolle'
472 2580 510 2650 ΙΙ,
538 2587 590 2636 413
620 2597 683 2636 cum
709 2579 847 2650 profluvio
878 2580 984 2636 ventris
1008 2582 1038 2636 et
1064 2580 1189 2650 variole).

176 2655 297 2706 cauteres
325 2651 412 2707 calidi
438 2652 571 2706 diecentum
598 2657 631 2706 ut
656 2656 778 2710 cauteres
800 2655 851 2708 out
873 2652 960 2722 tepidi
982 2657 1032 2706 aot
1053 2653 1128 2724 ipuea'
1150 2653 1191 2706 uel

175 2741 261 2808 inuiti
288 2740 381 2796 Coelio
407 2740 463 2796 cbo.
486 2745 518 2806 5,
545 2745 590 2796 16.
617 2744 662 2794 19.
769 2743 787 2794 8
815 2739 923 2809 optime
947 2741 1001 2805 (sic
1023 2757 1070 2810 9ο,
1093 2723 1131 2811 p¹e
1148 2742 1189 2809 9).

175 2811 220 2866 ub
236 2829 304 2882 ..9.
411 2811 449 2866 eb
466 2811 548 2866 initio
564 2854 570 2867 .
586 2854 592 2867 .
608 2809 751 2880 ,incipere
768 2811 809 2864 sic
826 2826 877 2880 pop
897 2811 943 2880 (cf.
962 2827 984 2866 c.
1003 2817 1044 2867 28
1063 2828 1096 2866 ex
1112 2827 1190 2882 prae-

175 2881 259 2938 dictio
274 2925 280 2937 .
296 2925 303 2938 .
318 2925 324 2937 .
340 2881 467 2952 superius
491 2882 602 2951 scripte.
728 2880 927 2938 abstinentiam
951 2882 1038 2950 (—-tie
1061 2885 1104 2954 cp)
1133 2881 1189 2939 sive

175 2952 310 3008 ieiunium
328 2953 424 3022 (-nio
441 2970 469 3022 c,
487 2953 546 3008 eive
563 2951 582 3006 'a
601 2967 652 3008 oen.
671 2953 713 3022 9).
751 2954 779 3010 et
801 2951 926 3021 requiem
945 2953 1007 3021 (-ὂ
1025 2969 1077 3024 pp,
1097 2969 1146 3010 ——e
1164 2956 1189 3021 c)

175 3023 222 3078 vel
240 3025 292 3092 (pc,
310 3026 340 3079 et
353 3025 386 3094 9)
406 3022 548 3080 silentium
566 3023 655 3092 (-tio
673 3025 697 3092 c)
714 3041 740 3094 9.
814 3029 846 3076 11
866 3025 917 3080 eut
933 3040 979 3092 pc:
993 3025 1040 3080 rel
1053 3042 1084 3095 9.
1157 3030 1188 3078 12

175 3113 302 3166 ventrem
319 3129 364 3183 pc:
387 3114 486 3166 venter
502 3111 572 3180 (vet)
586 3127 617 3181 9.
698 3111 806 3166 acriore
823 3129 854 3182 p:
874 3111 933 3166 -ri
950 3129 993 3181 cp.
1076 3120 1108 3168 13
1127 3129 1189 3168 eve-

176 3183 300 3236 cnandue
319 3199 365 3252 cp:
383 3181 544 3238 vacuandus
562 3199 588 3252 9.
695 3183 786 3251 porei:
804 3199 893 3252 parvo
911 3199 970 3252 pcp.
1078 3184 1144 3240 ealle
1161 3202 1188 3238 c:

176 3252 235 3308 eale
248 3269 274 3322 9,
294 3253 350 3307 -li
359 3270 390 3322 9.
463 3252 622 3323 diacortup
640 3253 719 3323 (-cu
734 3270 765 3321 p,
784 3253 907 3307 -ticum
925 3256 959 3322 c).
1034 3260 1067 3310 14
1086 3257 1189 3311 emotu-

175 3323 241 3379 tilto
259 3341 289 3393 9,
313 3323 491 3379 emototllto
504 3341 540 3392 p,
560 3326 682 3380 emmoto
701 3323 767 3379 cillo
786 3339 808 3378 o.
898 3324 1021 3394 adpones
1039 3343 1065 3396 9.
1155 3333 1188 3382 15

177 3395 279 3451 clorau.
293 3411 377 3464 quem
391 3411 416 3452 a.
431 3397 540 3450 emotae
552 3412 579 3464 9,
593 3394 681 3450 deren
694 3411 722 3463 qe
737 3410 762 3450 a.
778 3395 914 3450 emmotoe
928 3413 951 3464 c,
970 3396 1047 3452 olore
1059 3418 1080 3466 9
1094 3397 1188 3468 (quod)

176 3483 201 3521 a.
222 3467 331 3522 einofoe
349 3469 429 3535 (corr.
448 3483 501 3538 mp.
520 3467 639 3536 emotus)
655 3483 685 3535 9.
