2558 4022
547 239 768 303 ..58-

153 385 292 446 dercicon
324 389 438 444 vocant.
485 382 607 443 feniculi
639 383 751 444 bertini
787 381 894 442 radicis
931 389 962 442 et
993 383 1168 442 *centauriae

152 482 251 554 partes
275 471 373 552 binae,
397 471 475 531 faeni
503 474 602 550 graeci
630 480 660 532 et
682 471 805 532 meliloti
834 479 934 550 partes
962 469 1092 548 singulas
1116 469 1169 530 de·

152 580 263 640 coques
288 569 318 621 et
340 562 443 622 uteris.

241 649 420 710 anacollema
457 649 494 708 ad
524 666 635 708 reuma.
686 651 814 710 acaciam
850 647 987 728 nigellam
1018 655 1104 707 teres
1137 655 1170 708 ct

126 749 273 818 acernam
297 737 404 798 debinc
427 739 459 796 in
482 755 538 796 usu
563 753 631 796 cum
655 739 701 796 ovi
725 737 790 798 albo
815 745 845 798 et
869 739 952 797 tenui
976 743 1113 797 conteres
1138 745 1170 796 et

153 845 222 888 cum
249 829 311 886 acri
339 832 423 885 aceto
459 824 642 902 temporibus
674 824 808 886 oblinies.
849 825 945 885 hieme
974 842 1045 884 vero
1077 824 1169 884 addes

75 979 78 986 ,
153 933 272 976 murrae
300 922 330 974 et
357 930 481 972 mannae
508 914 586 972 turis
614 912 763 974 modicum
792 923 823 973 et
850 915 944 974 uteris
968 915 1046 972 sicut
1069 931 1169 991 supra.

241 1001 441 1062 tricocollema
471 999 584 1078 capillis
612 1001 767 1062 oculorum
791 1001 923 1080 ligandis.
964 1003 1039 1080 picis
1063 1002 1170 1080 siccae,

154 1108 248 1169 cerae,
271 1091 418 1168 mastices,
437 1091 553 1148 resinae
571 1089 673 1169 frixae,
696 1092 830 1150 omnium
853 1089 906 1150 llll
930 1092 1012 1168 paria
1036 1087 1170 1168 pondera
1270 1153 1271 1164 χ

114 1192 140 1231 10
153 1185 184 1238 in
211 1196 272 1239 uno
300 1177 454 1238 consolves
482 1177 516 1236 ad
545 1195 684 1256 vaporem
713 1186 744 1238 at
772 1179 861 1238 facies
884 1177 1009 1256 *collyria
1035 1176 1169 1254 oblonga.
1270 1185 1271 1262 ζ

243 1265 278 1326 ad
297 1265 518 1346 hyposfagmala
536 1265 565 1324 id
584 1273 630 1326 est
649 1267 843 1326 suffusionem
863 1268 1014 1345 sanguinis
1034 1283 1070 1326 ex
1088 1273 1171 1324 ante·
1270 1283 1271 1286 ¹

155 1355 272 1416 cedenti
303 1372 450 1432 percussu
484 1355 516 1412 in
544 1353 637 1413 oculis
671 1355 786 1415 factam.
835 1356 973 1414 convenit
1000 1357 1078 1414 inter
1104 1356 1170 1431 ipsa
1270 1419 1271 1422 Ἴ

154 1445 238 1503 initia
269 1460 345 1520 aqua
377 1443 451 1502 salsa
486 1441 643 1524 diligenter·
677 1443 813 1502 confecta
850 1462 887 1503 ex
917 1443 1066 1502 inlusione
1100 1441 1170 1501 salis
1270 1437 1271 1480 ἶ

155 1530 280 1590 candidi.
320 1533 405 1591 tenui
431 1529 552 1591 linteolo
586 1529 720 1592 subiecta
751 1531 816 1591 lana
848 1531 894 1590 vel
927 1538 1007 1590 moto
1039 1529 1103 1590 tilto
1135 1529 1170 1588 li·
1270 1547 1271 1580 t

116 1633 140 1672 1⁵
155 1619 245 1698 gabis.
282 1621 363 1679 novit
382 1622 461 1679 enim
485 1619 551 1680 talis
570 1621 742 1680 suffusionis
766 1612 939 1698 sanguinem
963 1637 999 1678 ex
1022 1635 1170 1697 percussu
1270 1669 1271 1712 ζ

156 1726 304 1788 spargere.

243 1795 322 1855 aliud
337 1796 372 1854 ad
391 1804 525 1856 tumores
539 1804 569 1854 et
588 1795 707 1856 dolores
722 1805 751 1857 et
768 1796 967 1875 spargendum
986 1797 1171 1874 sanguinem.
1270 1859 1271 1880 χ

155 1882 328 1943 ovi'album
356 1890 386 1942 et
414 1891 503 1942 tenue
531 1885 562 1942 in
590 1883 717 1962 ampulla
744 1887 858 1944 minore
887 1885 996 1944 adicies
1026 1891 1055 1943 et
1079 1899 1172 1961 super

155 1969 278 2030 stillabis
306 1969 508 2030 columbinum
536 1971 733 2032 sufficientem
761 1975 935 2051 sanguinem
958 1991 994 2033 ex
1017 1983 1090 2031 vena
1114 1970 1171 2031 sub
1270 2001 1271 2014 ¹

116 2047 199 2118 acala
230 2060 336 2140 incisa,
369 2066 399 2118 et
430 2061 596 2120 conimixtis
629 2078 662 2120 ac
699 2060 804 2122 leviter
836 2062 990 2140 tepefactis
1022 2058 1173 2120 infundes.

228 2341 242 2388 1
262 2334 348 2390 orbini
365 2351 401 2404 pp
420 2337 483 2400 (ona.
502 2339 537 2404 c).
615 2335 725 2390 radices
743 2353 787 2404 pc,
805 2337 864 2390 rad’
880 2353 910 2405 p.
983 2337 1172 2409 centaurep(e)

155 2421 214 2473 pop.
304 2411 321 2458 4
340 2405 514 2459 eneeollema
531 2421 550 2473 q
573 2407 727 2474 (-colema
745 2410 797 2476 cp).
888 2405 984 2462 ucecia
1006 2406 1114 2476 nigella
1131 2423 1172 2476 pc.

156 2475 224 2528 teris
242 2491 301 2544 pop.
400 2473 465 2528 oin
483 2493 565 2530 usum
582 2492 642 2545 pop.
747 2495 809 2532 cum
829 2476 876 2532 ovi
894 2477 1037 2532 albumine
1056 2478 1130 2532 cont.
1150 2494 1171 2532 e.

157 2545 277 2600 conteris
294 2561 313 2614 9
331 2546 420 2614 (-res
438 2546 490 2613 cp).
572 2550 601 2602 el
616 2564 650 2615 p:
671 2549 721 2602 aul
739 2549 785 2616 (air
803 2551 831 2618 9)
849 2564 889 2616 pe.
963 2555 978 2602 6
1001 2547 1121 2602 oblinies
1139 2565 1173 2617 pc

157 2618 253 2681 l—nes
266 2617 308 2684 p).
381 2621 397 2668 8
417 2615 500 2670 Trieo
515 2616 627 2672 collime
640 2618 703 2688 p(e),
721 2620 743 2672 l¹
758 2618 941 2692 (tri)lcollima
950 2636 972 2688 p
986 2623 1022 2688 (ct
1039 2620 1071 2674 a‘n
1084 2635 1172 2688 morp.

156 2685 288 2756 intelligo
316 2685 515 2754 depilatorium
543 2703 605 2741 cum
634 2689 779 2760 siserepros
807 2688 837 2742 in
865 2689 939 2743 circa
966 2689 1084 2744 instanti
1110 2707 1174 2744 cnm

158 2756 296 2814 colofonio
323 2758 342 2813 o'.
372 2773 393 2810 c.
421 2757 454 2811 fo
486 2757 555 2812 libro
590 2759 729 2814 Plateare‘o‘
763 2759 843 2814 Circa
875 2759 982 2814 instans
1015 2761 1174 2829 appellato).

157 2829 220 2897 pico
239 2829 313 2884 sicca
331 2844 403 2882 cera.
435 2827 552 2900 mesticp
571 2830 649 2896 (-ce
669 2847 691 2896 o,
710 2833 809 2898 —dpi
847 2830 940 2884 resina
953 2831 1026 2885 frixa
1038 2847 1064 2901 9.
1140 2837 1174 2885 10

156 2916 212 2954 uno
230 2917 256 2970 9,
273 2903 331 2954 und
349 2915 371 2968 c,
391 2897 456 2953 vino
470 2916 501 2968 p.
573 2899 618 2954 fad
634 2917 693 2969 pop.
769 2907 799 2954 11
820 2900 1030 2970 hiporfeumaie
1047 2918 1074 2971 9,
1092 2901 1173 2971 hipo-

157 2973 298 3025 scrumata
316 2987 338 3037 c,
356 2969 524 3039 yposfauata
537 2987 568 3038 p.
642 2977 674 3024 12
695 2987 859 3040 percussura
872 2989 902 3040 p.
978 2977 1011 3026 14
1029 2973 1077 3027 vel
1094 2975 1174 3027 molo

157 3040 222 3094 tillo
236 3040 339 3110 ligabis
352 3040 398 3107 (cf.
413 3055 435 3122 c.
450 3046 494 3096 19.
509 3043 573 3110 22):
594 3049 623 3096 et
636 3042 715 3096 molli
733 3041 835 3111 ligabis
849 3044 912 3111 (sic)
925 3059 984 3112 pap.
1059 3048 1092 3097 15
1107 3043 1176 3099 talis

158 3108 273 3164 suffusio
295 3111 439 3178 sanguinus
463 3127 496 3164 ex
518 3129 546 3180 p.
572 3130 612 3180 sp.
631 3129 661 3181 p,
684 3113 750 3167 bulis
774 3111 887 3166 suffusio
907 3129 941 3167 ex
962 3131 988 3182 p.
1008 3113 1176 3184 sanguinem
1270 3121 1271 3146 ³

158 3198 199 3249 sp.
218 3195 244 3246 c,
269 3179 357 3234 telem
379 3179 546 3234 infusionem
569 3182 713 3250 sanguinis
737 3199 771 3237 ex
793 3199 960 3254 percussura
978 3201 1019 3253 sp.
1036 3201 1065 3253 p.
1141 3191 1175 3238 17
1270 3215 1271 3248 1

157 3271 255 3322 mmor*
268 3269 298 3322 ei
315 3267 364 3321 dol
382 3283 400 3335 9
418 3269 508 3334 (—res
527 3270 580 3337 cp).
662 3276 695 3325 18
714 3259 762 3326 alb
780 3272 810 3325 el
827 3272 876 3325 ieri
893 3287 919 3340 9.
1007 3271 1111 3326 adicies
1129 3287 1177 3341 pp,
1270 3289 1271 3328 l

158 3337 245 3392 adicis
273 3355 295 3392 c.
408 3343 441 3392 19
470 3339 660 3394 columbinum
686 3357 717 3410 y:
744 3342 867 3396 columbi
894 3358 934 3410 op.
1049 3342 1177 3411 suflicp
1270 3349 1271 3364 ¹

159 3407 325 3548 {1315pr
347 3408 399 3478 ep).
508 3409 700 3480 101ορο1ορ
724 3411 852 3482 (-factis
879 3415 930 3481 cp).
1039 3411 1177 3483 insunfff
1270 3503 1271 3510 ἵ
