2588 4028
491 220 711 284 ..99-

92 361 192 422 oleum
214 362 362 424 infundes.
399 363 457 424 hoc
480 372 541 426 tam
564 364 617 426 diu
639 365 731 426 iacies
753 383 840 444 quam
863 367 915 430 diu
937 367 1109 432 stomachus

90 449 249 530 diligenter
281 453 345 531 ipsa
375 452 528 514 inlusione
555 453 698 516 levemur.
747 463 778 515 et
807 464 965 536 postquam
996 458 1108 520 luroris

90 538 250 618 diligenter
277 539 417 620 deterges
438 550 471 602 et
496 557 630 621 purpura
657 544 738 604 sicea
766 546 884 623 operies
907 553 938 606 ot
961 545 1107 608 lascialris.

89 628 147 688 lnoc
167 635 268 689 autem
290 647 345 708 per
369 630 434 690 dias
451 648 577 691 numero
595 639 659 694 tres
681 631 783 693 iacies.
819 634 1025 712 persingulas
1044 634 1108 698 dies

87 719 191 796 ipsum
214 717 314 780 oleum
336 717 535 780 recalciacles.
1122 736 1135 776 ⁵

181 805 254 866 illud
280 816 437 886 praetereo
463 807 695 889 admonendum,
723 811 750 870 si
776 809 854 872 iorte
882 810 992 872 mulier
1017 812 1109 874 luerit

87 911 167 972 quae
196 903 333 976 curatur,
361 905 395 958 ut
421 905 568 960 storacem
594 897 769 978 prohibeas,
796 917 834 960 ue
862 899 992 964 iocunde
1014 901 1108 962 odore

86 985 198 1046 matria
224 985 347 1047 inritata
375 985 413 1046 ad
439 986 625 1048 stomachum
651 985 776 1050 hiatur.
819 988 895 1051 solet
922 991 1002 1050 euim
1033 989 1107 1050 hacc

17 1155 18 1158 Ἴ
86 1075 189 1155 passio
212 1074 386 1154 frequenter
407 1075 488 1157 fiori,
516 1075 667 1138 stomacho
694 1095 750 1156 per
772 1080 907 1140 nausiam
932 1095 1033 1160 verso,
1061 1097 1106 1140 se·

86 1162 188 1225 cundo
220 1163 267 1225 rel
293 1166 384 1226 tortio
411 1182 514 1226 mense
546 1165 778 1244 praegnantibus
809 1166 936 1230 rudibus
967 1167 1004 1228 ad
1035 1179 1147 1230 oon-1⁰

17 1265 19 1290 ἰ
87 1260 211 1332 ceptum
230 1259 282 1314 aut
299 1260 382 1314 certe
404 1261 474 1332 post
490 1253 612 1333 longum
630 1256 775 1333 temporis
797 1263 917 1334 partum
936 1258 1106 1334 conopion-

88 1341 181 1402 tibus.
235 1351 265 1402 et
300 1341 438 1404 similiter
469 1351 504 1404 ut
534 1344 762 1404 reumatismum
799 1344 944 1408 stomachi
980 1345 1107 1406 iniurius

88 1432 237 1510 scriptum
259 1429 387 1492 curabis.

180 1520 206 1579 si
237 1536 308 1579 vero
341 1519 452 1580 duritia
487 1519 579 1580 luerit
614 1519 760 1582 stomachi
796 1529 827 1582 et
860 1521 1106 1598 praecordiorum

86 1609 201 1689 tensio,
231 1610 264 1668 iu
295 1609 401 1687 primis
433 1609 492 1668 crit
522 1607 792 1686 cataplasmondum
824 1627 861 1668 ex
897 1609 976 1668 iaeni
1006 1611 1106 1688 graeci
1121 1622 1146 1662 ιι

86 1696 200 1778 polline
229 1703 259 1756 et
285 1713 362 1776 pane
391 1698 471 1758 sicco
499 1707 530 1758 et
560 1695 613 1758 lini
640 1698 754 1758 semine
783 1705 814 1758 et
840 1695 951 1760 malvae
984 1699 1105 1758 semine.

86 1792 262 1864 coquuntur
285 1787 317 1846 iu
340 1801 401 1846 uno
425 1803 495 1846 cum
517 1803 592 1866 aqua
615 1793 646 1846 et
669 1785 734 1848 oleo
758 1785 875 1848 modico
898 1794 929 1846 el
951 1784 1053 1867 molle,
1076 1793 1107 1846 et

86 1878 256 1960 apponitur.
304 1877 377 1938 item
408 1883 480 1937 reru
514 1874 605 1936 addes
637 1875 739 1956 adipes
770 1877 912 1957 porcinus
945 1875 1106 1938 sufficienti

85 1967 192 2048 modo,
219 1974 341 2046 etpost
370 1964 433 2026 dies
456 1964 673 2045 cataplasmatis
696 1965 831 2046 expletos
854 1965 996 2045 malagma
1018 1963 1105 2044 Amy·

17 2087 20 2098 ·
85 2057 207 2117 thaonis
230 2073 246 2115 a
270 2053 391 2116 Graecis
414 2053 592 2134 appellatum
616 2072 761 2135 appones,
788 2054 818 2115 id
845 2062 891 2115 est
913 2053 1104 2134 Amythaonis
1118 2067 1147 2106 ao

84 2146 183 2224 patris
205 2143 351 2223 Melampi.
391 2143 462 2203 iacit
484 2141 520 2202 ad
543 2141 787 2221 praecordiorum
810 2141 1024 2221 distensiones,
1047 2141 1104 2200 dis·

85 2231 177 2295 solvit
199 2250 318 2292 omnem
342 2231 497 2312 duritiam,
522 2231 591 2292 iacit
614 2237 644 2290 et
667 2229 703 2290 ad
727 2227 877 2290 diiiieileua
899 2236 1013 2290 motum
1036 2231 1105 2289 arti-

85 2321 236 2384 culorum.
273 2329 320 2382 est
338 2322 427 2382 etiam
446 2327 477 2380 ct
495 2318 666 2400 spleneticis
684 2317 891 2380 diaiurcticum
909 2317 1106 2380 medicamen·

160 2561 321 2617 liniendis
338 2562 435 2630 9ο(-
408 2560 490 2616 -dea
509 2563 550 2630 9).
640 2559 710 2616 iacis
733 2573 793 2631 999.
885 2576 970 2630 qnam
989 2558 1038 2613 diu
1055 2575 1106 2630 99ε

83 2635 220 2691 donecc.
311 2634 376 2687 aei
397 2635 601 2702 postquam-
620 2631 714 2700 operis
738 2649 787 2702 99.
811 2631 879 2688 Post
897 2648 962 2687 acro
982 2631 1106 2700 detergis

83 2721 215 2788 purpura
237 2703 262 2758 si
284 2703 412 2772 cooperis
435 2704 520 2773 (aeliu
545 2705 574 2758 at
595 2701 786 2758 fasciabis*
809 2701 972 2758 recalefacis
995 2703 1057 2770 om.)
1082 2718 1105 2756 o.

84 2775 181 2848 operis
194 2778 277 2847 9P(⁶)·
341 2780 488 2830 inumera
501 2790 593 2844 emp.
656 2773 727 2829 iacis
740 2791 785 2843 99.
854 2771 1046 2828 bmcalaisoie
1059 2787 1105 2840 99.

85 2855 101 2904 i
123 2850 265 2902 storacem
282 2861 329 2916 99,
347 2845 507 2900 siiraccne.
578 2844 700 2900 iocunde
719 2845 780 2914 (sic)
793 2859 852 2926 999.
926 2849 1045 2896 averso
1054 2857 1106 2912 99.

85 2933 228 2976 eversor
320 2922 354 2972 10
372 2915 600 2986 pragnacibusp.
676 2921 708 2968 11
727 2913 863 2983 temporis
880 2929 930 2984 99·
948 2913 1105 2994 tempusa.

85 2997 121 3046 15
140 2987 266 3072 iconia,
284 2987 399 3055 ianne,
417 2987 508 3055 ienp.
600 2991 634 3040 16
652 3002 727 3054 pauc
745 2986 864 3039 eiccoo.
889 2981 957 3052 poni
976 2982 1043 3038 sicci
1060 2998 1105 3052 99.

84 3059 195 3117 semiue
217 3059 335 3128 (bis)o:
358 3056 474 3114 seminis
496 3073 542 3128 99.
630 3056 724 3110 melre
748 3071 793 3124 cp·
817 3055 988 3136 mealtune„
1072 3060 1104 3110 17

84 3131 301 3202 chuualnry·
321 3127 496 3198 aequitare,
521 3125 749 3212 Ooqu0(q)turp.
838 3141 942 3198 onoc.
960 3125 1026 3182 rino
1045 3127 1106 3196 (uio

85 3209 176 3273 c.)cp
250 3207 283 3256 18
295 3200 382 3271 adipe
396 3203 424 3270 (p
433 3201 468 3268 9)
482 3197 599 3268 porcinse
614 3201 644 3269 (ri
653 3199 742 3270 mco.
815 3197 969 3254 sufficienti
980 3197 1107 3262 modias,

84 3272 246 3330 sufficiente
269 3273 331 3341 (om.
354 3271 529 3339 modorum.
638 3276 670 3325 19
694 3214 890 3342 Malagmay.
913 3268 1058 3339 malama
1083 3284 1107 3332 o

84 3341 274 3412 malacincp.
347 3342 537 3468 amiloncsq,
559 3342 763 3411 omioionosc,
787 3344 997 3410 amaioonasp.
1071 3343 1105 3392 20

85 3414 242 3472 mosoma
255 3430 282 3484 9
301 3413 387 3469 amici
388 3431 448 3469 onas
463 3429 486 3478 o
505 3412 655 3483 amigtnois
664 3429 696 3483 9.
770 3419 802 3468 21
821 3411 955 3482 melampi
969 3412 1030 3482 (sio)
1044 3424 1106 3480 999.

84 3482 552 3556 dissolveie(-rilc,cdisoluli1
569 3486 610 3540 sio
623 3485 694 3554 9).-

686 3593 714 3606 .,
856 3585 863 3596 2
902 3567 947 3624 ‹7ss

676 3622 814 3647 ¹³t'„“
856 3606 910 3652 Γῇ

673 3651 808 3679 ιδ,,·ι
874 3664 891 3672 ,ι

792 3684 798 3692 ,
854 3679 862 3688 ι,
