2588 4028
534 149 780 214 -136-

148 294 259 356 doloris
287 298 407 358 maioris
435 294 533 376 digiti,
560 294 650 356 nullis
679 293 927 374 praecedentibus
955 297 1066 376 causis,
1094 315 1164 358 cum

148 384 259 446 rubore
283 387 363 446 circa
386 384 580 446 articulorum
602 383 715 464 locum,
744 392 773 443 et
801 385 894 460 magis
917 391 1065 444 nocturno
1089 394 1163 446 tem·
1279 411 1280 416 ¹

149 491 230 553 pore.
272 475 459 534 increscente
488 490 558 532 vero
586 474 724 556 passione
752 471 915 550 plurimum
941 471 1059 532 articuli
1082 492 1162 534 oom-

149 565 304 642 patiuntur
327 569 358 622 et
380 559 464 641 digiti
487 563 677 622 invertuntur
696 568 725 620 et
748 559 921 620 durescunt.
957 566 1166 624 veterescente

122 658 248 712 sautem
276 652 427 732 passione,
455 649 597 710 diuturno
625 649 736 709 doloris
763 656 897 726 tempore
926 650 1014 708 etiam
1037 658 1068 710 et
1098 653 1167 729 pori

149 747 327 820 nascuntur,
360 757 396 800 er
429 737 538 818 quibus
570 745 757 817 aegrotantes
788 735 901 816 lapides
929 736 1039 797 similes
1072 757 1169 818 gypso
1279 817 1280 820 Ἴ

150 829 298 888 enoittunt.
354 836 384 888 et
420 835 524 907 torpor
566 825 685 906 quidam
721 827 901 887 accessionis
937 833 1073 905 tempore
1110 846 1168 907 per
1279 827 1280 854 ³

150 915 283 978 membra
305 915 487 995 patientibus
510 915 660 976 discurrit.
693 913 849 993 aliquando
872 915 1003 992 rigorem
1021 917 1170 996 sentiunt,

150 1003 306 1083 aliqnando
322 1004 458 1065 calorem.
492 1013 522 1064 et
540 1011 610 1064 sunt
628 1005 722 1082 ipsius
736 1000 883 1082 podagrae
902 1002 1059 1064 distantiae
1079 1004 1167 1086 duae,

111 1105 137 1144 10
151 1102 197 1153 est
225 1094 304 1152 enim
331 1093 438 1170 frigida
466 1100 496 1152 et
524 1092 625 1153 calida.
667 1094 796 1171 cognitio
825 1097 924 1152 autem
952 1090 1070 1153 illarum
1098 1093 1171 1154 talis

151 1187 205 1242 est.
242 1183 274 1242 in
293 1179 426 1242 calidiori
449 1181 549 1241 fervor
571 1180 762 1242 incendiosus
781 1198 850 1241 cum
869 1179 1038 1240 vehementi
1061 1181 1167 1242 dolore

151 1271 295 1350 sentitur,
319 1276 479 1348 apparente
502 1268 669 1330 rubicundo
692 1276 819 1330 tumore.
859 1270 891 1328 in
918 1267 1065 1346 frigidiori
1095 1288 1171 1330 vero

151 1358 263 1418 inflatio
287 1356 440 1418 subalbida
463 1357 599 1419 efficitur.
636 1365 832 1436 utrarumque
854 1363 953 1416 autem
972 1359 1085 1418 sanatio
1109 1361 1171 1418 ista

151 1453 210 1525 est,
237 1448 269 1507 in
292 1445 425 1506 calidiori
447 1446 664 1527 refrigerativa,
692 1448 723 1506 in
751 1445 897 1524 frigidiori
925 1444 1114 1506 calefactoria
1137 1457 1170 1508 et

112 1547 137 1588 m
152 1535 305 1614 eiectoria,
342 1552 431 1613 quam
463 1534 568 1596 Graeci
600 1534 803 1596 dialoretioam
835 1543 948 1594 vocant.
999 1541 1030 1594 et
1067 1534 1173 1596 diflert

151 1622 329 1702 podagricus
358 1623 393 1684 ab
422 1623 589 1702 arthritico,
618 1625 685 1701 qrria
713 1623 866 1702 podagrici
892 1624 923 1681 in
951 1639 1040 1682 crure
1069 1623 1170 1684 solum

152 1714 353 1772 causationem
376 1711 500 1792 habent,
523 1711 669 1772 arthritici
687 1719 787 1772 autem
810 1713 842 1770 in
861 1709 999 1770 omnihus
1022 1711 1167 1772 articulis

240 1802 271 1859 in
295 1799 498 1859 curationibus
517 1807 616 1860 autem
635 1799 671 1859 ad
695 1799 818 1860 calidam
840 1798 1000 1878 podagram
1021 1800 1171 1860 mustelae

152 1889 327 1964 sanguinem
354 1903 423 1946 oum
450 1887 628 1966 plantaginis
656 1905 727 1948 suco
755 1890 835 1948 inter
862 1889 925 1966 ipsa
953 1887 1037 1946 initia
1059 1887 1169 1950 illiues

113 1989 139 2028 ro
242 1973 328 2034 aliud.
367 1975 516 2034 coriandri
539 1973 607 2035 folia
631 1983 681 2036 aut
703 1977 862 2054 iusquiami
885 1974 954 2036 folia
972 1983 1024 2036 aut
1047 1976 1170 2037 coliculi

152 2059 234 2143 folia,
258 2080 318 2122 non
340 2071 497 2142 praesente
520 2065 701 2144 iusquiamo,
731 2072 812 2125 teres
840 2063 998 2142 diligenter
1021 2072 1052 2124 et
1075 2083 1171 2144 super

152 2151 252 2212 mittes
276 2151 406 2212 medium
429 2154 513 2232 panis
532 2152 636 2214 mundi
659 2153 764 2232 frigida
784 2161 814 2214 et
833 2160 939 2231 aquata
956 2170 1047 2232 posca
1065 2154 1173 2235 inlusi,

223 2327 239 2376 2
258 2321 358 2377 robora
376 2339 418 2393 op.
509 2323 583 2378 cirea
608 2323 702 2378 locum
720 2324 772 2378 art.
787 2339 817 2392 p.
908 2327 924 2376 3
943 2321 1013 2376 incr.
1036 2323 1173 2392 passione

152 2408 218 2446 varo
237 2392 275 2460 pl.
295 2409 316 2449 e.
389 2393 570 2462 dputirmtur
589 2410 611 2448 c.
702 2393 824 2448 betium
842 2409 893 2448 om.
912 2409 934 2448 c.
1022 2394 1172 2464 'icorpori

152 2461 266 2530 quidem
284 2478 306 2528 c,
326 2459 372 2520 cor
395 2463 511 2532 quidam
528 2481 559 2533 p.
633 2470 648 2518 9
672 2467 701 2519 et
724 2467 789 2519 sunt
807 2495 841 2504 -
860 2465 917 2533 (15)
935 2465 1040 2518 vocant
1052 2489 1087 2510 =
1103 2465 1168 2520 Gal.

154 2531 244 2598 XIV,
263 2536 327 2588 384.
410 2539 443 2588 10
462 2534 481 2588 i.
497 2533 536 2616 <id
551 2536 604 2604 ssi)
625 2535 729 2604 frigida
746 2537 797 2590 aut
815 2553 837 2590 c.
855 2552 878 2604 p
897 2535 945 2604 (ad
962 2551 1019 2589 reon
1037 2535 1073 2602 ef.
1093 2535 1172 2591 (luel.

153 2604 207 2658 cler.
228 2607 257 2671 t,
277 2604 331 2672 31).
405 2610 437 2659 11
458 2603 585 2660 calidiori
603 2622 649 2675 cp,
668 2615 746 2667 -ott
764 2611 828 2661 ante
846 2621 916 2660 corr.
930 2622 962 2674 p.
1037 2605 1170 2677 12111ςί-

153 2672 226 2730 diori
239 2679 275 2743 p⁰
293 2676 382 2738 l-ott
395 2693 431 2746 p,
455 2693 539 2732 -ora
558 2677 592 2746 c).
700 2693 766 2732 vero
786 2706 819 2716 -
839 2678 896 2746 (14)
914 2674 1056 2746 frigidiori
1073 2693 1126 2732 om.
1146 2695 1168 2736 c.

154 2750 188 2799 14
207 2743 341 2801 calefacto
355 2763 386 2816 p.
461 2752 494 2802 15
513 2748 542 2802 et
561 2745 712 2802 exlectoria
729 2748 790 2817 (sic)
805 2763 832 2802 o:
850 2763 901 2802 one
911 2765 942 2816 p.
1015 2747 1171 2804 diaforesin

152 2850 175 2902 o,
194 2824 330 2908 diaff‘o'lta
348 2835 496 2905 (-foruto)
510 2854 541 2906 p.
616 2842 648 2890 16
663 2835 781 2892 artetioo
796 2851 818 2904 c,
837 2835 942 2890 aretino
956 2853 987 2904 p.
1060 2837 1128 2905 quio
1142 2855 1172 2893 c:

152 2907 286 2974 quoniam
309 2909 377 2976 (qm)
395 2925 426 2976 p.
534 2907 662 2977 podagra
684 2906 782 2962 incure
804 2905 895 2961 solum
920 2906 1007 2962 habet
1034 2908 1172 2964 attalicus

153 2978 247 3032 autam
266 2996 280 3034 c
297 2979 347 3045 (ad
371 2995 427 3034 sen
446 2980 482 3045 cs.
501 2978 564 3035 Gal.
584 2977 687 3045 XIII,
709 2982 786 3046 332).
893 2975 924 3030 in
947 2993 1014 3032 cnm
1036 2983 1128 3046 (icum
1147 2996 1171 3045 c,
1279 2951 1280 3016 l

152 3049 236 3102 icud
250 3051 282 3118 p)
302 3066 344 3116 cp,
430 3055 462 3104 11
482 3047 603 3105 artritioi
619 3049 664 3104 llic
677 3066 708 3118 p.
796 3055 828 3103 19
848 3047 1025 3118 sauguinem:
1045 3049 1171 3105 cinerem
1279 3049 1280 3072 ¹

153 3120 277 3186 affirmat
299 3119 393 3176 Diosc.
412 3136 443 3187 p.
462 3125 516 3175 179
540 3121 585 3188 (ear
607 3135 660 3188 guo
679 3119 801 3174 Galenus
825 3119 910 3184 XII,
933 3121 1012 3188 362).
1049 3121 1083 3174 dc
1103 3137 1171 3175 san-

152 3191 236 3260 guiue
252 3191 333 3244 aliter
345 3190 384 3244 D.
400 3191 417 3243 l.
433 3207 454 3244 c.
536 3195 570 3244 20
584 3189 672 3244 illinis
686 3207 727 3260 cp.
800 3187 940 3246 coriandri
948 3207 985 3258 p:
1002 3191 1133 3245 cantabri
1145 3207 1169 3246 c.

152 3260 221 3316 folia
235 3265 299 3329 post
316 3259 467 3328 iusquinmi
485 3276 536 3316 om.
555 3277 577 3315 c.
668 3260 800 3316 cauliculi
819 3278 860 3330 cp.
948 3266 981 3315 21
1000 3261 1129 3331 prasenti
1147 3278 1169 3317 c.

153 3337 187 3386 22
206 3331 303 3385 mundi
321 3347 372 3388 om.
391 3347 413 3387 c.
522 3330 627 3402 frigido
645 3335 675 3388 et
692 3340 797 3402 equata
814 3349 902 3402 pusca
920 3349 948 3401 c,
969 3331 1073 3400 frigida
1091 3333 1121 3386 et
1140 3333 1170 3386 in

154 3417 229 3471 aqua
246 3417 333 3472 pusca
346 3419 377 3470 p.
