2576 4040
575 223 812 291 -212-

202 369 305 424 vocant
314 371 348 421 21
360 365 407 436 (of.
417 363 484 422 son.
497 379 519 420 e.
534 363 662 446 motion).

735 362 954 418 exantoxemon“
991 376 1036 430 op.
1075 360 1146 419 sim.
1181 379 1202 420 s.

202 454 258 508 qno
293 435 527 494 ossintinteriors
540 451 664 505 oorpons
735 431 965 501 ostastaltionm).

202 455 329 566 momina
354 523 426 577 quae
449 505 547 562 Graeci
575 505 665 562 moria

202 581 326 636 vooant.
343 619 349 634 .
366 576 506 636 ,relevari
529 583 572 631 34.
608 593 664 646 quo

201 650 311 778 gossint
337 649 472 705 interiora
498 648 624 703 membra
647 663 666 702 a
718 642 799 716 ξηρο

228 720 317 776 raeois
342 720 432 776 mosia
456 717 601 789 appellata
623 734 665 773 re-

202 791 354 848 laxationis
368 789 508 846 medslam
521 789 665 860 percipere

185 870 386 1017 agonizatus:
411 933 565 1015 (aaronem)
591 947 664 1000 qaas

203 1003 665 1131 {usitatissimus

203 1143 666 1212 sibnsiormioarum‚nndograooo

203 1215 316 1272 nomino
338 1213 541 1285 my(i)rmsoias
563 1229 666 1269 nomen

203 1288 373 1357 aooeperunt
391 1291 433 1340 12.

186 1371 291 1457 νάρκη
319 1375 369 1443 τῆς
395 1369 569 1444 alatrinae:
602 1389 666 1428 oum

203 1445 384 1516 perinotione
399 1447 428 1500 et
441 1447 471 1500 to
507 1461 555 1501 ore
569 1460 666 1500 sensus

203 1514 481 1585 quodaraseinareo
502 1533 532 1572 os
544 1517 666 1572 esteseos

203 1589 262 1658 (op,
285 1587 320 1655 os.
340 1592 395 1643 aot.
415 1591 440 1642 et
458 1587 525 1644 Sim.
551 1603 573 1642 o.
603 1603 666 1642 nar·

204 1657 318 1728 ohodes)
337 1661 441 1714 vocant
453 1663 487 1712 29
503 1659 563 1728 (lep.
583 1675 667 1728 quem

204 1730 250 1786 Gr.
269 1745 373 1785 naroen
390 1731 433 1785 tes
450 1745 474 1784 e.
495 1731 542 1797 a).

186 1812 422 1957 ”attuit
438 1816 667 1944 stituit

204 1973 288 2027 grece
320 1956 483 2025 neinetious)
512 1955 604 2026 passio
636 1955 667 2018 id

204 2029 248 2082 est
276 2026 380 2083 ranulis
408 2031 442 2081 46
466 2027 510 2094 (of.
539 2031 583 2081 21.
613 2029 666 2095 75).

203 2097 285 2153 eiiam
303 2114 349 2168 ap.
366 2095 438 2153 Geel.
452 2097 507 2152 σὴν.
525 2101 550 2166 t,
570 2101 604 2151 52
624 2112 667 2152 re-

203 2168 276 2225 nalis
294 2169 387 2240 passio
411 2170 547 2238 (νεφρῖτις
566 2193 601 2214 ιι
619 2184 666 2222 ne-

202 2240 284 2296 frosis
302 2240 370 2296 Sim.
389 2256 410 2296 e.
429 2256 469 2307 a,
492 2240 568 2296 codd.
593 2240 665 2295 leid.

203 2313 472 2380 minuma

185 2397 307 2464 voees:
323 2415 379 2454 nou
393 2397 558 2453 manifestus
568 2399 665 2468 (tipus)

202 2469 340 2524 tertianus
373 2485 390 2523 a
422 2467 536 2524 Graeois
563 2467 666 2523 nothus

203 2539 371 2609 appellatur.
391 2544 433 2595 58.

185 2622 328 2692 νωτικὸς
382 2627 475 2696 (oaipo
523 2630 665 2697 νωτιαῖος)

203 2692 317 2768 passio'e:
346 2699 376 2753 et
397 2697 515 2752 dorsalis
541 2697 667 2753 medulla

202 2767 375 2838 perfrixerit,
394 2783 479 2838 quam
498 2767 599 2824 Graeoi
617 2785 666 2824 no-

201 2839 279 2895 tioon
299 2841 442 2910 (nautioon
455 2842 483 2910 p)
498 2840 604 2896 miolon
617 2855 665 2895 vo·

203 2915 269 2966 cant
287 2917 330 2968 38.

185 2978 300 3052 ξανθὴ
313 2979 394 3052 κολήι
413 2981 488 3038 fellis
505 2982 571 3038 flavi
589 2982 665 3052 quod

203 3051 303 3107 Graeci
325 3054 468 3122 (e)xanten
490 3053 591 3109 oholsn
615 3069 663 3108 vo·

202 3125 269 3176 eant
295 3129 338 3176 24.
374 3123 440 3179 flavi
466 3123 542 3179 fellis
567 3123 597 3178 id
624 3125 667 3179 ost

202 3191 294 3258 rubei,
314 3193 389 3261 quod
408 3192 508 3248 Graeci
522 3195 666 3264 (e)xanten

203 3262 283 3317 oolen
301 3263 404 3317 vocant
426 3268 468 3319 57.

238 3333 273 3399 of.
306 3333 450 3402 (e)xanton
479 3333 665 3389 medicamen-

201 3405 263 3456 tum
295 3409 329 3457 20
363 3405 398 3473 (et
430 3403 523 3472 „Casa
555 3403 601 3459 Fe.
634 3403 665 3460 in

203 3473 373 3528 antidotario
392 3474 566 3531 oonfeotione
587 3475 664 3532 diota

718 498 859 574 ὃηθὸβηὲ
878 531 912 544 ·-
931 503 987 559 vid·
1001 517 1023 558 ⁸·
1039 497 1093 576 βήξ
1112 507 1203 574 (xero-

736 573 858 643 beohes).

800 643 936 701 λουσὶαι
977 643 1052 699 sioea
1093 644 1198 703 lavatio

737 732 810 786 quae
828 731 846 770 a
864 714 977 771 Graeois
994 714 1140 770 xerolusia
1154 733 1200 786 ap-

736 785 860 857 pellatur
878 791 921 840 76.

719 855 979 939 §ambulalat
1005 855 1043 910 ad
1061 857 1202 926 xeroptal-

736 944 824 982 mium
846 927 876 982 id
899 929 943 982 est
960 927 1064 982 sioomn
1083 927 1199 998 lippitu-

737 998 832 1054 dinem
854 1003 889 1053 29
912 999 983 1068 (bis).
1035 997 1056 1066 s.
1085 997 1154 1054 Ode.
1176 1003 1201 1064 6,

738 1073 756 1125 6
786 1069 882 1138 (asida
909 1069 998 1138 tipo).
1035 1068 1070 1135 cf.
1106 1068 1202 1140 (o)xira

737 1139 975 1195 medicamentum
995 1145 1040 1196 45.

719 1201 855 1280 ὀβολὸςε
876 1212 927 1266 ant
946 1210 1117 1280 opopanacis
1136 1211 1202 1266 obo-

737 1281 781 1336 los
813 1281 883 1336 duos
914 1281 945 1336 id
977 1283 1021 1336 est
1048 1281 1203 1352 seripulnm

737 1370 825 1408 unum
839 1353 877 1422 (ᾳ)
891 1357 934 1408 38.
962 1353 998 1419 os.
1016 1351 1084 1409 Sim.
1100 1369 1122 1408 a.
1136 1352 1201 1408 obo-

738 1424 782 1478 lus
794 1467 800 1479 .
812 1467 818 1479 .
831 1423 877 1477 .iu
894 1423 1005 1493 pratioa
1017 1421 1109 1478 Cassii
1127 1423 1200 1478 oboli

739 1495 794 1551 duo
808 1493 915 1550 faciunt
927 1493 1090 1564 scrupulum
1100 1493 1114 1548 Ι
1123 1495 1201 1563 (idem

739 1568 780 1622 ait
800 1564 892 1620 Ochos
910 1570 934 1633 5,
957 1570 998 1634 17,
1017 1567 1055 1634 2).

721 1628 818 1707 ὄγκος
835 1629 982 1706 opimone:
1004 1635 1150 1691 extantiae
1167 1635 1201 1689 ri·

739 1723 838 1778 posae,
877 1723 947 1776 quas
983 1705 1084 1762 Graeci
1119 1722 1201 1761 onoos

739 1778 854 1834 octodes
892 1779 988 1847 (enoos
1024 1778 1122 1833 stodes
1154 1779 1200 1846 po)

738 1850 842 1904 vooant
861 1847 892 1902 id
910 1848 954 1903 est
971 1848 1073 1918 riposis
1091 1848 1201 1904 vortioi-
1273 1911 1274 1916 ἵ

738 1919 790 1974 bus
808 1918 998 1988 prominentes
1018 1925 1060 1973 73.
1273 1969 1274 1976 ,

721 1981 994 2061 ὀδοντότριμμαε
1013 1987 1202 2043 dentifrioinm

739 2060 814 2130 quod
846 2059 947 2116 Graooi
984 2060 1201 2115 odontotrimma

738 2132 901 2187 vocantia.

720 2193 855 2271 duasve:
888 2217 1007 2256 ozaenas
1039 2203 1150 2269 (onemo
1179 2217 1200 2270 o,

738 2288 875 2399 7ἱέϊᾶ
896 2271 1024 2412 tait·
1043 2273 1202 2398 sessui

812 2385 818 2398 ·
876 2386 881 2399 ·
968 2383 975 2397 ·
1016 2383 1022 2409 i

737 2415 784 2470 vel
810 2415 903 2481 ozena)
928 2430 997 2484 quas
1020 2429 1071 2468 nos
1100 2413 1202 2470 fetores

738 2485 848 2541 narium
880 2483 999 2540 dioimus
1027 2489 1061 2539 31
1091 2487 1139 2555 (of.
1166 2487 1201 2540 io.

738 2556 814 2627 quod
845 2573 863 2611 a
894 2554 1008 2611 Graecis
1039 2557 1201 2626 appellatur

738 2626 889 2683 ozaenioon
899 2641 936 2682 oo.
946 2626 1201 2694 medicamentum).

720 2693 863 2766 ot'dnua:
876 2698 971 2754 idome
984 2700 1027 2768 (p,
1041 2697 1157 2753 hidema
1168 2698 1202 2765 o),

738 2770 814 2838 qnod
823 2786 874 2824 nos
882 2767 1199 2839 aquosaminflatiouem

737 2839 856 2895 dioimus
867 2846 900 2895 75
916 2839 1099 2909 (inflationem
1108 2840 1199 2909 auspi.

738 2909 810 2966 Osci.
829 2913 884 2967 σὴν.
905 2917 930 2981 4,
950 2912 1003 2978 83).
1036 2911 1072 2977 os.
1092 2909 1161 2966 Sim.
1179 2925 1200 2964 s.

736 2980 845 3038 idema.
858 3023 863 3034 .
876 2998 943 3051 ,ρει
955 2981 983 3036 oi
992 2981 1201 3052 diphthongum

736 3051 866 3108 scribitur
902 3058 928 3108 et
963 3068 984 3107 a.
1020 3051 1126 3122 ydema
1157 3053 1199 3119 (oz

738 3123 896 3193 Donoussa).

719 3189 889 3262 οἰνόμελιε
923 3194 1045 3249 mulsam
1073 3211 1107 3249 ex
1134 3192 1200 3248 vino

737 3264 821 3320 malle
850 3267 1007 3335 temperato
1033 3267 1141 3333 (-—tam
1168 3279 1201 3332 op

737 3334 816 3404 Sim.)
834 3353 920 3404 quam
938 3335 1086 3406 appellent
1099 3334 1201 3390 Graeci

736 3406 775 3476 i(y
785 3407 968 3476 p)nomelitos
983 3408 1034 3476 (aio
1048 3423 1081 3476 op
1095 3410 1121 3462 et
1131 3405 1199 3460 Sim.
1270 3441 1271 3447 κ

735 3492 757 3532 s.
784 3478 889 3532 iuomel
915 3483 940 3532 ei
970 3493 990 3532 s.
1019 3478 1123 3546 mulsa)
1157 3483 1201 3530 49.
