2588 4028
562 237 801 302 -124-

176 386 378 444 reumatizent.
424 383 468 444 lac
502 386 656 463 caprinum
689 382 834 461 optimum
867 390 897 442 et
931 383 1040 461 pingue
1079 401 1191 462 coques

176 470 327 532 moderate
356 489 447 551 snper·
474 471 619 532 carbones
650 473 681 531 in
714 468 822 530 cacabo
855 469 937 531 fictili
970 489 1046 530 novo
1078 480 1109 532 et
1141 471 1191 532 ad·

177 558 316 620 miscebis
334 559 422 639 amyli
440 562 570 621 recentis
588 561 788 620 sufficientem
807 557 935 638 modurn,
959 567 990 619 et
1008 557 1191 622 sorbendum

176 646 259 708 dabis
282 650 391 708 ieiunis
414 647 529 708 diurnis
552 647 667 708 diebus.
704 656 735 707 et
758 655 826 726 post
848 645 921 707 baec
941 648 1191 726 supercomeden-

149 734 247 796 scam
275 735 358 796 dabis
386 735 568 815 aliquantum
597 739 668 797 sicci
695 737 788 815 panis.
831 737 941 796 etenim
971 735 1028 796 boc
1051 735 1191 799 adiutorii

162 843 270 902 penus
294 842 397 885 reuma
421 827 591 905 crassescit,
615 823 784 886 acredinem
811 831 970 903 temperat,
993 824 1096 885 ulcera
1115 829 1191 886 cica-

177 915 263 973 tricat
286 922 316 972 et
339 915 549 974 intestinorum
573 932 607 974 ac
630 914 742 975 ventris
765 914 955 991 asperitatem
978 912 1116 975 lenificat.

264 1003 411 1062 trociscrrs
438 1005 607 1062 auotoricns
634 1003 664 1062 id
694 1009 741 1062 est
772 1003 824 1080 qui
853 1019 973 1061 sursum
1005 1003 1036 1060 in
1069 1005 1190 1081 potione

175 1089 262 1149 datus
289 1088 434 1149 servando
462 1093 633 1169 superiores
660 1091 773 1149 ventris
796 1097 827 1150 et
854 1091 1067 1150 intestinorum
1089 1100 1190 1170 partes

136 1189 162 1228 10
176 1174 325 1257 medetur,
353 1179 464 1256 optime
493 1178 603 1238 faciens
635 1177 831 1257 dysentericis
858 1187 889 1238 et
917 1177 1036 1238 ciliacis.
1082 1181 1190 1259 recipit

175 1267 334 1344 iusquiami
362 1267 483 1326 seminis
510 1264 582 1346 albi,
609 1284 708 1327 amoos
739 1268 861 1326 seminis
894 1265 924 1326 fd
956 1277 1002 1326 cst
1034 1266 1189 1342 vilicionis,

176 1355 234 1433 apii
257 1356 388 1435 seminis,
411 1353 532 1415 feniculi
550 1357 685 1435 seminis,
708 1353 926 1434 bypoqnistidis
949 1356 1027 1434 suci,
1051 1353 1188 1418 balaustli
1283 1371 1284 1408 t

175 1442 205 1503 id
223 1451 270 1502 est
287 1442 371 1502 floris
389 1439 478 1520 <mali
496 1440 640 1523 grauati),
661 1444 849 1521 ammoniaci,
867 1445 999 1504 omnium
1020 1445 1188 1523 specierum

174 1529 196 1596 3
224 1529 292 1611 llll,
324 1532 397 1613 opii,
429 1530 585 1612 gallarnm,
612 1531 712 1610 amyli,
746 1549 798 1608 ges
826 1539 953 1611 asteros,
987 1549 1040 1591 rns
1073 1535 1189 1612 syriaci,

135 1631 161 1671 1⁵
175 1621 304 1700 acaciae,
326 1617 461 1698 draganti
483 1620 505 1686 5
527 1619 562 1680 ΙΙ.
599 1637 675 1698 aqna
699 1618 849 1698 colligitur
871 1628 903 1680 et
924 1620 1000 1680 frunt
1023 1623 1146 1682 trocisci
1168 1623 1189 1687 5

175 1706 367 1788 singular-uua,
389 1726 424 1768 cx
445 1706 553 1787 quibus
571 1707 659 1768 datur
677 1725 755 1768 unrrs
775 1725 833 1768 non
853 1706 1049 1769 febrientibus
1069 1727 1189 1789 vesper·

175 1798 237 1856 tino
260 1805 394 1875 tempore
418 1813 487 1857 oum
510 1798 578 1856 rino
601 1799 693 1857 nrixto
717 1795 811 1857 calido
839 1798 869 1856 in
894 1797 1030 1878 potione,
1058 1797 1188 1858 febrien-

175 1883 254 1944 tibus
282 1902 353 1943 vero
381 1901 449 1944 cum
478 1901 553 1962 aqua
581 1883 682 1944 calida.
724 1896 755 1944 et
782 1884 946 1946 lientericfs
973 1887 1084 1964 optime
1109 1887 1187 1948 facit.

263 1970 409 2032 lienterici
437 1971 578 2032 dicuntur
605 1974 659 2050 ryuf
681 1990 716 2032 cx
740 1973 928 2034 antecedenti
950 1971 1120 2052 dysenteria
1143 1977 1189 2036 in·

134 2071 161 2112 eo
175 2061 351 2120 testinornm
383 2057 563 2120 debilitatem
599 2061 739 2141 faciente,
771 2061 887 2140 perdito
919 2061 1048 2122 naturali
1080 2062 1189 2145 calore,

173 2145 257 2208 cibos
280 2166 355 2227 quos
382 2149 533 2227 accipiunt
555 2151 698 2210 continno
725 2147 889 2228 indigentes
911 2150 957 2211 vel
980 2149 1090 2211 crudos
1114 2161 1189 2212 tarn·

174 2253 261 2315 quam
297 2255 351 2316 per
387 2236 485 2298 lencm
526 2239 735 2298 intestinorum
771 2237 887 2316 lapsum
921 2247 1055 2318 egerunt
1107 2239 1188 2300 uude

173 2327 271 2404 passio
302 2325 437 2386 lienteria
467 2325 584 2386 dicitur.
634 2333 665 2386 et
697 2335 743 2387 est
774 2325 959 2408 incurabilis,
996 2329 1123 2388 maxime
1156 2331 1188 2388 in
1284 2367 1285 2396 ,

245 2476 397 2531 tamiscea
415 2493 456 2545 cp.
529 2477 654 2532 tioiun⁹
672 2480 782 2548 (—nns)
801 2481 872 2544 cml
888 2485 987 2547 saepe).
1066 2479 1188 2534 diurnis:
1284 2459 1285 2512 ἶ

173 2546 312 2601 dinturnis
330 2563 372 2615 ep.
445 2547 686 2630 deliqusnbulnm
700 2567 731 2619 p.
814 2549 996 2604 ocicatricat
1013 2566 1040 2604 c:
1060 2554 1140 2606 —zat
1155 2568 1188 2620 p.

172 2621 189 2670 8
213 2616 348 2672 anal'icus
372 2634 399 2686 o,
422 2617 570 2688 anobt⁹p
599 2622 671 2690 (opp.
694 2615 867 2684 κατωτερικὰ
894 2615 1032 2690 φάρμακα
1056 2621 1119 2676 car.
1147 2621 1189 2688 X,

172 2692 238 2744 527.
270 2688 330 2743 Aet.
350 2693 382 2756 9,
400 2692 445 2744 48.
464 2693 521 2758 49).
593 2690 765 2746 asernando
784 2687 922 2760 (f'vando)
936 2707 963 2745 c:
982 2707 1031 2746 one.
1047 2709 1078 2760 p.
1152 2698 1188 2747 10

171 2757 300 2828 quiliacis
314 2777 345 2829 p.
417 2761 502 2828 Iltyr.
596 2768 628 2816 11
649 2777 742 2816 emeca
756 2778 791 2830 p,
811 2763 841 2816 oi
858 2778 953 2818 amcos
971 2778 993 2816 c.
1083 2761 1101 2819 i.
1121 2762 1187 2818 uili—

171 2830 268 2886 ciomis
287 2848 314 2898 o,
332 2831 350 2886 i.
370 2828 523 2886 lucilidiois
537 2848 567 2901 p.
601 2832 636 2900 cf.
654 2847 742 2901 supra
760 2849 783 2887 c.
801 2836 845 2887 4³.
918 2839 950 2887 12
969 2832 1145 2903 ypoqnisiidi
1164 2850 1187 2902 c,

171 2903 257 2958 —dos
271 2919 301 2971 p.
391 2901 574 2958 ebbnlnrrsiia
592 2919 607 2958 c
625 2897 730 2972 (ἄνθος
743 2897 844 2972 ἀγρίας
859 2899 940 2974 (iouis
959 2903 1021 2960 Gar.
1055 2905 1090 2972 cf.
1107 2904 1187 2960 Ptin.

170 2975 318 3043 23‚112).
410 2979 442 3028 tt
467 2973 486 3029 i.
510 2973 586 3030 floris
609 2975 700 3042 (-res
714 2975 747 3043 p)
769 2975 977 3044 a(rp)moniaoi
995 2992 1037 3044 cp.
1129 2980 1187 3032 offis

171 3049 246 3112 apert
263 3049 288 3106 3.
304 3045 396 3099 111102
411 3049 456 3101 ab.
470 3051 488 3107 3
502 3045 554 3102 llIl
566 3063 597 3115 p.
663 3051 696 3100 14
709 3045 849 3115 gattarum
859 3049 960 3113 -(1tt)
973 3045 1146 3103 trocisciom.
1163 3064 1186 3102 c.

173 3121 206 3166 14
224 3116 491 3182 gestationum)
511 3133 542 3184 p.
619 3115 759 3171 roasiriaoi
772 3131 803 3184 p.
882 3122 914 3170 15
934 3121 977 3169 afr.
996 3117 1059 3178 511
1074 3135 1097 3185 p
1116 3120 1145 3186 (i.
1165 3135 1187 3173 e.

171 3199 296 3282 omnium
314 3217 356 3270 sp.
374 3207 393 3263 5
410 3201 510 3272 binas).
582 3209 617 3258 cir
636 3220 712 3272 aqna
729 3183 816 3275 colli¹g
828 3221 860 3273 p.
938 3208 954 3265 3
969 3203 1144 3274 iugularem
1159 3218 1187 3262 et

53 3339 56 3344 Ι
169 3278 323 3339 sumnsp.
398 3277 431 3325 16
444 3289 560 3342 unusp:
576 3273 597 3328 l.
612 3291 634 3329 e.
707 3279 739 3329 ll
755 3274 844 3330 mixto
857 3290 948 3343 emp.
1012 3275 1188 3346 inpotione=

169 3357 219 3397 om.
235 3357 266 3412 p,
284 3339 430 3412 potionem
449 3344 575 3412 (pocoem
595 3345 625 3400 .l.
643 3344 826 3401 febrientibus
846 3348 906 3416 eto.)
925 3361 947 3399 c.
1057 3352 1091 3401 18
1110 3364 1189 3416 aqua

169 3427 219 3469 ora.
240 3429 261 3468 e.
344 3417 377 3467 19
396 3411 440 3468 illi
458 3411 507 3482 qui
520 3429 552 3482 p.
625 3432 658 3470 ox
677 3431 727 3470 om.
747 3431 768 3472 c.
841 3422 876 3472 20
894 3416 987 3472 more
1001 3433 1037 3486 p:
1056 3418 1188 3473 cocoloro

106 3506 142 3540 ι
168 3485 234 3553 (sic)
250 3500 272 3538 c.
346 3489 380 3539 22
399 3483 462 3539 olef
471 3500 494 3553 p
513 3484 633 3554 (eferunt
649 3502 737 3556 supra
751 3490 807 3557 11⁰),
827 3491 929 3557 gerunt
947 3503 968 3541 c.
