2558 4022
582 223 800 288 436-

183 368 279 430 solum
302 371 333 430 in
356 370 438 429 corio
462 385 566 430 rerum
590 369 678 429 etiam
700 370 731 429 in
754 349 910 430 altitudine
934 368 1066 430 occultas
1085 369 1199 432 solvere
1253 403 1256 410 ·

183 455 382 518 collectiones.

272 544 325 606 sed
344 547 370 606 si
388 545 466 606 forte
485 544 599 606 tardius
618 563 758 624 rumpere
778 547 909 606 senseris
928 554 1089 628 apostema,
1112 566 1198 628 opor-

184 641 229 694 tet
256 636 322 695 eius
349 633 488 695 adiuvare
516 632 698 696 celeritatem
729 632 891 694 electuario
918 629 1201 715 <meta>syncritico

157 721 214 782 oid
246 732 293 785 est
325 723 405 803 quod
436 723 531 784 valeat
562 721 708 783 occultam
741 720 946 783 collectionem
977 741 1134 805 rumpere,
1166 743 1201 786 ne

184 813 282 872 sanies
300 812 415 873 inclusa
433 812 561 891 plurimo
580 819 714 890 tempore
737 809 882 871 tardando
903 813 1046 872 interiora
1067 813 1203 874 membra

184 908 357 980 corrumpat
379 918 455 978 quae
478 899 584 960 Graeci
606 899 700 958 moria
722 906 839 960 vocant.
876 900 1033 960 conficitur
1056 901 1109 960 sic.
1156 902 1203 960 liei

183 989 316 1068 pinguis,
344 989 471 1068 origani,
498 985 654 1061 marrubii,
681 994 781 1068 rutae,
809 987 916 1068 thymi,
946 986 1100 1068 absinthii,
1135 1007 1203 1049 cen·

184 1077 297 1136 tauriae
322 1075 455 1135 radicum
478 1082 509 1134 et
537 1076 673 1156 seminis,
702 1077 827 1156 sinapis,
855 1075 1047 1156 cardamomi,
1076 1076 1202 1154 squillae

90 1189 116 1229 9.
130 1177 171 1217 soe
185 1162 275 1223 medii
294 1165 375 1242 paria
393 1161 540 1243 pondera:
562 1181 665 1224 omnes
691 1163 800 1224 herbas
819 1163 968 1242 decoques
988 1158 995 1242 l
1014 1165 1045 1224 in
1064 1181 1152 1246 aqua,
1176 1175 1205 1226 et

184 1253 285 1312 mittes
309 1270 345 1312 ex
368 1254 432 1332 ipsa
455 1251 628 1313 decoctione
651 1259 752 1331 partes
774 1250 802 1311 ll
825 1258 856 1312 et
878 1251 975 1313 mellis
992 1260 1109 1331 partem
1129 1253 1152 1334 Ι,
1176 1263 1205 1314 91

184 1357 296 1418 coques
319 1339 415 1402 donec
438 1340 534 1402 mellis
557 1349 654 1402 sumat
676 1340 919 1419 crassitudinem,
941 1347 973 1400 et
991 1340 1076 1402 dabis
1094 1344 1204 1402 ieiunis

184 1428 351 1490 secundum
364 1431 443 1490 vires
457 1426 605 1507 aliquibus
619 1427 799 1489 coclearium
812 1427 825 1488 1
840 1427 989 1508 aliquibus
1003 1429 1151 1490 coclearia
1170 1430 1203 1491 11.

274 1516 361 1578 aliud.
399 1519 424 1578 si
447 1518 525 1578 lorte
548 1518 580 1576 in
607 1516 748 1596 pulmone
772 1516 862 1578 luerit
892 1516 1043 1598 collectio,
1067 1519 1203 1579 suffumi-

144 1619 171 1660 15
185 1608 317 1686 gaterius
341 1608 488 1668 trociscus
507 1623 597 1685 99919
616 1605 721 1666 Graeci
739 1607 954 1685 ypocapniston
972 1614 1079 1666 vocant
1097 1607 1204 1668 ordine

185 1697 238 1774 qui
251 1696 287 1756 ad
302 1697 409 1757 tussim
422 1694 574 1756 humidam
588 1695 777 1773 conscriptus
792 1703 838 1754 est
852 1693 1003 1754 adhibitus
1013 1697 1205 1774 eruptionem

185 1783 339 1845 accelerat.

275 1880 306 1931 et
332 1879 490 1949 postquam
517 1872 636 1948 eruptio
670 1870 761 1932 luerit
788 1872 878 1951 sacta,
910 1877 1029 1949 oportet
1061 1869 1204 1933 adhibere

186 1976 261 2037 quae
284 1958 399 2018 valeant
416 1957 517 2018 ulcera
536 1957 655 2018 sordida
677 1977 815 2039 purgare,
837 1958 894 2019 hoc
913 1966 959 2019 est
977 1976 1050 2032 suco
1068 1961 1204 2038 ptisanae

258 2181 322 2237 lin
341 2182 415 2238 corio
434 2199 482 2253 99·
501 2182 659 2240 exteriusc
732 2183 884 2264 soporae
895 2185 942 2236 etc.
958 2182 993 2248 cf.
1009 2183 1102 2236 eadem
1119 2185 1205 2239 verba

186 2255 263 2324 apud
286 2253 358 2309 Cael.
383 2254 454 2310 Aur.
479 2255 533 2309 clu.
558 2258 588 2318 5,
611 2259 675 2309 116.
783 2251 841 2307 ci.
866 2251 906 2320 (id
929 2254 984 2322 est)
1007 2253 1164 2309 electuario
1189 2271 1206 2324 9

186 2325 215 2394 (i.
234 2341 284 2380 om.
304 2327 356 2393 99).
396 2325 547 2379 electuario
565 2340 610 2393 99,
634 2322 805 2404 9119991199.
914 2323 1063 2378 sincrebico
1086 2341 1120 2393 99
1138 2326 1206 2392 (sin-

185 2412 291 2468 9999199
290 2413 349 2494 19).
381 2413 480 2466 addidi
497 2413 581 2467 meta
662 2395 751 2481 919(
747 2410 950 2480 91999919
967 2413 1059 2495 (2⁹⁸.
1070 2412 1147 2480 quod
1162 2416 1205 2482 9.)

187 2489 203 2538 ‘l
226 2481 335 2538 morian
357 2498 388 2552 9,
411 2481 502 2536 moria
524 2498 566 2551 99.
660 2489 675 2537 'l
698 2489 723 2538 et
745 2487 761 2536 8
785 2483 959 2550 eloquiorum
985 2484 1135 2552 specierum
1160 2487 1206 2550 (es

186 2555 333 2624 archetypo
351 2554 536 2622 compendiose
553 2554 667 2622 scripto)
685 2554 818 2622 99919999
840 2553 940 2608 babeat
962 2570 1010 2622 99,
1032 2555 1207 2610 accusativos
1261 2569 1262 2592 l

185 2641 287 2752 nil
301 2623 987 2778 rlnlfillnpfflomutliidlnti
1016 2626 1206 2751 baffi
1261 2677 1262 2768 ,

187 2770 283 2851 (-ree
299 2783 333 2836 9
363 2765 522 2820 -centerie
545 2766 594 2834 9).·
625 2766 734 2822 radices
757 2768 787 2822 99
809 2768 916 2823 semina
938 2766 1046 2835 (radici
1074 2772 1206 2832 semisc,

186 2839 299 2895 seminis
316 2837 443 2892 radicum
455 2853 479 2906 9
498 2835 533 2902 cf.
558 2835 630 2894 0991.
649 2838 720 2894 Acer.
739 2839 757 2892 l.
777 2854 799 2893 c.
818 2841 892 2907 118)
936 2837 1128 2906 sinopem(-
1098 2837 1205 2905 -pic

187 2911 266 2980 —pis
280 2913 321 2980 9).
354 2908 571 2964 cardamomum.
604 2909 705 2982 squille
719 2908 977 2992 mediumpariap.
1051 2912 1085 2961 10
1100 2906 1206 2964 Omnes

186 2982 287 3036 herbas
313 2997 448 3048 onam
510 2983 542 3032 11
566 2981 595 3034 eb
619 2997 775 3050 999999-
794 2981 850 3048 (13)
869 2979 943 3034 vires
961 2994 1053 3034 9999.
1092 2993 1205 3048 99999,

187 3067 284 3122 coqp
395 3057 427 3105 13
441 3050 582 3120 aliquibus
597 3067 642 3120 99·
662 3050 829 3119 quibusdam
841 3051 953 3118 (1199
1027 3049 1206 3120 coclearep,

188 3123 303 3176 cocirc
331 3120 392 3189 (991
419 3123 462 3189 p).
570 3122 762 3190 9991991199·
789 3137 839 3176 om,
866 3137 894 3189 c,
923 3118 1013 3176 cocl'.r
1035 3128 1206 3188 p.14

187 3191 295 3259 sufuub
313 3190 505 3258 c)fumatorius
529 3197 855 3275 9991599999
958 3190 1161 3260 ypocapnisbos
1180 3209 1206 3260 9,

188 3264 305 3332 -999,
323 3275 442 3343 ypocras
460 3259 591 3316 uisoosc
696 3269 729 3317 16
752 3262 801 3332 qui
824 3262 911 3345 adq.
935 3277 990 3330 quo
1017 3260 1053 3314 ad
1077 3275 1104 3326 9,
1132 3263 1208 3318 coad

69 3385 76 3398 ,
186 3334 290 3404 (9999.
363 3331 510 3401 bussimp:
535 3347 629 3387 —sem
648 3349 681 3404 99
699 3333 783 3401 (adt.
798 3334 901 3389 hum.
888 3351 908 3388 ι.
923 3348 944 3388 c,
959 3333 1014 3400 33).
1087 3332 1207 3402 ascripti

186 3406 251 3458 suni
265 3407 377 3473 (919999
390 3403 598 3473 acceleranb)c.
671 3403 815 3458 adhibitus
825 3420 860 3472 9·
874 3405 979 3473 --toq¹
1000 3403 1095 3459 —bic
1172 3410 1205 3458 19

187 3490 252 3530 suco
265 3491 301 3544 9.
321 3490 468 3544 -9ιιιιι9,
487 3479 598 3530 -999,
