2576 4040
573 247 815 314 -172-

274 393 363 456 aliud.
404 397 552 456 trociscus
575 395 754 456 conveniens
777 391 943 473 epilepticis
974 392 1025 470 qui
1048 408 1119 453 cum
1141 399 1204 456 tre·

185 503 269 548 more
288 483 493 546 membrorum
512 485 714 544 accessionem
736 484 899 562 patiuntur.
935 482 1043 559 recipit
1064 485 1205 564 castorei,

186 573 334 654 abrotani,
364 573 499 634 radicum
521 573 655 650 panacis,
679 571 812 632 omnium
834 571 927 630 trium
949 565 1062 650 31111,
1088 571 1204 648 piperis

186 661 258 742 albi,
285 669 371 722 rutae
398 660 535 722 hortinas
558 659 579 726 3
602 658 700 734 binas,
729 661 811 732 croci
838 665 868 718 et
891 657 994 736 cyperi
1016 657 1037 724 ὅ
1061 658 1203 737 singulas.

159 757 270 812 acceto
300 749 422 829 colliges
450 757 480 810 et
506 749 597 810 iacies
625 749 771 809 trociscos
798 745 997 826 drachmales,
1024 763 1061 806 ex
1092 745 1204 824 quihus

186 857 280 900 unum
312 829 344 898 in
375 839 496 918 potione
529 836 626 917 dabis,
658 835 830 896 habitudine
860 836 995 914 corporis
1028 833 1203 896 fortioribus

187 945 256 988 cum
287 928 355 988 vino
388 925 484 986 mulso
517 927 610 1005 cyatis
641 924 712 1006 llll,
743 922 891 985 debilibus
922 940 993 983 vero
1026 941 1095 984 cum
1127 941 1204 1002 aqua

186 1014 290 1076 mulsa.
332 1021 451 1094 oportet
479 1021 579 1076 autem
605 1015 753 1092 patientes
780 1019 849 1092 post
876 1017 1028 1090 acceptam
1050 1013 1203 1091 potionem
1286 1045 1287 1048 =

187 1120 320 1164 currere.
366 1109 397 1162 et
428 1109 496 1181 post
523 1101 597 1161 haec
626 1099 766 1180 epithima
794 1099 842 1162 dia
870 1107 1041 1180 spermaton
1071 1105 1122 1160 aut
1154 1099 1205 1160 dia
1286 1109 1287 1116 ’

148 1202 174 1242 1⁰
188 1207 327 1252 samsucu
350 1207 496 1271 appones,
520 1197 550 1250 el
574 1188 699 1250 sanabis.

277 1278 313 1339 ad
332 1277 513 1359 epilepsiam.
546 1277 773 1340 hirundininum
790 1276 905 1357 pullum
923 1275 960 1337 de
979 1277 1121 1355 primario
1139 1276 1204 1338 letu

188 1366 258 1428 luna
280 1368 376 1447 prima
399 1366 626 1447 apprehendens
649 1368 778 1448 aperies,
806 1373 837 1426 et
858 1366 992 1426 invenies
1015 1360 1149 1444 <lapides
1172 1367 1204 1426 in

187 1452 313 1535 ventre>
341 1473 435 1516 unum
462 1455 628 1516 lormosum
651 1461 682 1516 et
704 1453 794 1516 alium
820 1453 1016 1514 malefactum.
1053 1455 1149 1514 etita
1170 1461 1205 1514 ut

188 1551 301 1606 terram
324 1561 384 1604 non
411 1550 546 1624 tangant,
573 1542 678 1624 ligabis
705 1545 737 1604 in
765 1541 842 1622 pelle
864 1541 987 1602 vitulina
1010 1548 1061 1602 ant
1085 1542 1205 1602 cervina

149 1642 175 1684 1⁵
190 1639 220 1693 et
242 1633 274 1693 in
297 1631 373 1692 collo
397 1633 502 1694 autin
525 1631 647 1693 brachio
671 1633 792 1694 sinistro
816 1629 989 1710 suspendes.

479 1787 594 1850 LXXII.
631 1789 680 1852 hd
702 1788 909 1851 lumbricos.

185 1929 190 1938 ·
278 1913 369 1973 Fiunt
386 1913 433 1972 rel
452 1920 634 1991 generantur
652 1912 805 1994 lumbrici,
828 1929 903 1992 quos
923 1910 1028 1972 Graeci
1047 1911 1207 1974 elminthas

189 2000 308 2081 dicunt,
330 2000 508 2079 plerumque
527 2018 564 2060 ex
582 1999 676 2060 multo
700 1999 766 2061 cibo
790 1995 913 2080 accepto
934 2008 985 2060 aut
1007 1999 1206 2079 indigestione

189 2088 347 2167 frequenti.
390 2089 527 2168 sequitur
550 2096 650 2149 autem
672 2087 841 2150 laborantes
864 2105 983 2149 morsus
1007 2088 1152 2150 stomachi
1175 2098 1207 2150 et
1284 2089 1285 2162 s

149 2189 176 2228 20
189 2178 301 2236 ventris
329 2175 419 2237 nullis
445 2175 695 2256 praecedentibus
723 2180 835 2257 causis,
863 2184 893 2238 et
921 2176 1081 2238 tussiculae
1112 2178 1205 2238 modi·

190 2266 309 2326 cissima
337 2283 374 2326 ex
402 2283 491 2326 causa
517 2273 707 2348 provocatae,
738 2267 834 2326 somni
864 2267 954 2326 etiam
984 2263 1144 2344 flegmatici
1175 2267 1205 2326 id

1 2487 2 2510 l
120 2516 122 2520 ,
260 2453 376 2520 allego.
449 2452 610 2521 taprotani
626 2469 667 2522 cp.
740 2453 819 2511 radic
832 2469 873 2522 cp.
946 2451 1088 2533 offlh’um
1109 2434 1207 2520 '51111

189 2537 215 2576 e:
235 2525 279 2576 ad.
298 2521 395 2583 31111.
435 2561 441 2574 .
549 2525 647 2578 truie
666 2523 791 2588 ortine3
812 2523 894 2579 binas
915 2540 940 2590 o,
964 2543 986 2581 r.
1012 2523 1103 2578 orhne
1121 2524 1207 2578 sumi-

1 2597 2 2620 ¹
188 2593 278 2672 tatem
297 2595 341 2646 ab.
360 2599 378 2656 3
396 2537 434 2645 if
447 2609 474 2661 p.
575 2593 647 2648 cocti
671 2614 685 2660 i
711 2595 795 2666 crp'm
817 2596 833 2654 3
858 2595 974 2666 singl’es
997 2611 1024 2652 o:
1050 2597 1081 2648 δᾶ
1099 2593 1206 2676 piperis

190 2680 234 2718 en.
252 2669 279 2726 3.
297 2663 318 2717 l.
333 2678 364 2732 p.
438 2667 537 2717 licum
556 2666 682 2750 ecetop.
759 2665 870 2737 colligis
888 2669 954 2735 (-g
972 2667 996 2730 c)
1018 2682 1059 2734 cp.
1133 2665 1205 2719 fac1s
1286 2723 1287 2726 Ἴ

190 2733 245 2802 (fab
262 2735 286 2803 c)
305 2749 347 2803 ep.
438 2739 559 2790 dunum
573 2751 609 2804 1²²
632 2753 695 2808 pora
713 2753 735 2792 o.
812 2742 962 2807 ipoicdne
980 2737 1044 2792 dah'
1064 2752 1092 2802 c,
1110 2734 1206 2790 dab’i
1286 2735 1287 2772 l

188 2807 317 2876 poiioem
325 2823 357 2876 p.
429 2803 656 2876 hebitudinemc,
669 2806 749 2862 iuxta
761 2807 956 2863 habitudinem
968 2825 996 2878 p.
1071 2813 1124 2862 lc.
1139 2805 1206 2861 vino

189 2875 281 2932 mulso
292 2879 325 2946 (e.
335 2876 432 2932 vinum
442 2874 563 2930 mulsum
573 2879 597 2946 c)
607 2893 648 2948 cp.
713 2881 729 2932 8
743 2878 834 2932 mulsa
845 2894 895 2934 oon.
906 2893 928 2934 c.
997 2883 1013 2932 9
1024 2875 1174 2946 epithimia
1182 2892 1206 2942 c,

190 2946 296 3016 epith’a
304 2965 335 3016 p.
409 2946 517 3001 diasam
531 2965 627 3002 sucum
642 2965 664 3015 c,
679 2948 727 3003 die
741 2951 860 3018 aasucp.
935 2953 967 3002 11
983 2947 1149 3018 epilonsiam
1163 2963 1204 3016 cp.

191 3023 223 3071 12
247 3018 341 3088 prima
362 3019 431 3072 luna
445 3035 479 3088 p.
587 3018 696 3074 invenis
718 3037 805 3074 unum
825 3037 861 3090 p,
884 3018 1009 3074 invenies
1031 3018 1063 3072 in
1086 3034 1207 3074 unum

188 3089 332 3152 (lammam
350 3089 439 3158 emplet
451 3089 544 3144 Dione.
559 3094 593 3154 2,
612 3095 657 3146 60.
691 3097 805 3146 ceterum
824 3091 858 3158 of.
875 3089 904 3145 0.
919 3090 954 3146 A.
969 3107 1000 3160 p.
1020 3091 1095 3156 315).
1173 3094 1205 3143 ta

189 3174 354 3228 malfactum
368 3192 399 3243 p.
472 3179 513 3231 eh:
533 3177 583 3230 scd
597 3194 638 3246 cp.
710 3177 752 3232 ita
769 3178 844 3232 uh'ra
858 3195 884 3246 c,
903 3177 991 3233 itaut
1008 3181 1053 3234 ira
1066 3193 1097 3246 p.
1173 3183 1207 3230 14

189 3247 290 3313 tangat
308 3245 427 3314 obligas
446 3262 487 3314 ep.
579 3253 612 3302 15
632 3250 662 3302 et
680 3249 753 3302 collo
766 3265 805 3317 p,
823 3255 836 3303 i
855 3249 928 3304 collo
947 3265 969 3305 c.
1058 3247 1090 3301 in
1108 3263 1160 3302 mn.
1176 3263 1206 3316 p.

191 3349 343 3434 suspendat
361 3367 387 3419 c,
407 3327 487 3438 Tdif
498 3368 529 3421 p.
630 3359 663 3436 lt}
682 3353 724 3408 De
741 3353 886 3410 lumbricis
902 3353 1044 3438 geperabis
1063 3370 1097 3409 ex
1115 3353 1206 3408 multo

189 3421 1057 3567 naonlacaumarabotinorum
1072 3441 1107 3480 .
