2558 4022
579 193 795 257 -30.-

179 343 295 398 tantum
318 355 462 418 apponas,
489 356 527 398 ne
551 337 835 418 conglutinationem
861 335 968 396 factam
992 335 1130 415 dissipes.
1167 347 1199 397 et

179 427 290 486 iterum
322 444 390 486 cum
427 425 537 487 videris
562 426 711 498 ¹saniolam
748 431 929 485 tractuosam
966 423 1012 484 vel
1048 427 1198 486 viscosam

179 515 275 595 exire,
298 513 397 575 tiltum
416 533 452 575 ox
475 513 596 575 linteolo
615 517 700 574 tenui
719 531 849 594 appones
871 519 901 574 ot
919 529 1010 592 super
1034 513 1200 594 emplastro

179 604 274 663 uteris
298 613 328 663 et
351 602 476 664 sanabis.
874 623 877 630 ’

152 772 165 812 ⁵
525 759 587 821 XX.
624 759 672 820 hd
695 760 851 820 fistulas.

233 947 237 959 ,
268 885 395 946 Fistulas
425 885 532 946 Graeci
563 886 697 964 syringas
730 883 885 964 appellant.
930 892 961 944 et
993 893 1063 944 sunt
1094 885 1200 946 ulcera

161 973 372 1074 'pendiginosa
409 981 439 1034 et
470 975 652 1034 intrinsecus
685 971 793 1034 callosa
824 990 922 1051 neque
954 975 985 1034 in
1023 975 1199 1035 cicatricem

178 1063 334 1121 venientia.
372 1069 402 1122 et
425 1063 451 1122 si
473 1063 610 1122 venerint
632 1063 743 1122 iterum
766 1061 956 1121 resolvuntur
980 1063 1059 1122 etin
1079 1063 1198 1123 orificio

86 1170 109 1208 r·
123 1160 165 1200 200
179 1148 334 1228 aliquando
364 1149 370 1224 Ι
399 1152 565 1212 cortizones
603 1149 766 1210 ostendunt
802 1167 877 1228 quos
909 1149 1015 1210 Graeci
1054 1150 1198 1212 efelcidas

138 1249 164 1288 1⁰
178 1246 291 1298 vocant.

266 1328 297 1386 in
335 1324 539 1386 curationibus
574 1345 645 1386 vero
679 1328 705 1386 si
736 1324 863 1386 membri
894 1325 940 1386 vel
976 1325 1033 1386 loci
1066 1327 1198 1404 qualitas

178 1417 322 1495 exegerit,
355 1414 461 1475 melius
493 1422 539 1476 est
570 1413 699 1476 fistulam
733 1415 814 1474 ferro
847 1414 974 1494 nudare,
1010 1414 1041 1474 id
1073 1424 1120 1475 cst
1158 1435 1198 1476 ex

176 1502 335 1564 flebotomo
363 1501 410 1562 vel
442 1505 643 1584 syringotomo
673 1502 832 1584 appellato,
865 1511 895 1563 et
927 1520 1046 1562 omnem
1078 1503 1197 1564 callosi-

177 1599 266 1652 tatem
291 1591 437 1652 occultam
460 1593 584 1653 artificio
608 1610 713 1653 manus
736 1591 849 1651 visibus
877 1591 1008 1670 pandere
1032 1599 1062 1651 et
1085 1609 1197 1651 secun-

136 1691 162 1731 1⁶
176 1679 247 1741 dum
274 1683 420 1742 rationem
448 1699 567 1762 curare,
596 1681 675 1760 quod
699 1679 805 1740 Graeci
832 1687 897 1740 cata
919 1679 1007 1758 logon
1035 1678 1197 1758 appellant.

177 1771 223 1829 sin
246 1787 315 1828 vero
339 1769 397 1828 loci
420 1769 466 1827 vel
489 1767 616 1828 membri
639 1771 733 1848 ipsius
762 1769 887 1848 qualitas
911 1787 999 1829 usum
1022 1767 1196 1848 chirurgiae

174 1855 375 1938 prohibuerit,
397 1854 455 1914 boc
478 1855 565 1916 modo
586 1855 712 1916 curabis.
754 1859 785 1917 in
807 1859 913 1937 primis
932 1865 1072 1936 angustas
1091 1874 1195 1917 caver·

174 1942 260 2004 nulas
279 1943 315 2002 de
335 1944 437 2021 aprina
458 1943 505 2004 vel
522 1945 646 2023 porcina
666 1951 746 2004 saeta
769 1947 910 2025 inspicies
930 1953 960 2006 et
978 1963 1090 2024 papyro
1109 1953 1194 2024 pate·

174 2033 274 2092 facies.
311 2031 389 2111 quod
413 2049 559 2112 papyrum
582 2035 625 2094 sic
647 2033 846 2112 praeparabis.
896 2051 1041 2114 papyrum
1064 2035 1193 2093 vitriari-

133 2131 160 2172 20
174 2139 260 2182 orum
284 2120 375 2200 eliges
399 2137 571 2203 carnosum,
594 2122 625 2182 id
649 2130 694 2183 est
718 2121 796 2201 quod
820 2139 880 2182 non
903 2123 995 2183 fuerit
1018 2120 1121 2201 fragile
1146 2121 1193 2181 vel

173 2210 324 2291 flacidum,
353 2217 383 2270 et
410 2209 506 2288 pridie
529 2212 560 2270 in
584 2219 668 2272 aceto
692 2206 769 2272 salso
799 2209 953 2291 infundes,
981 2208 1060 2288 quod
1084 2209 1193 2270 Graeci

173 2297 307 2358 oxalmen
339 2305 454 2358 vocant.
499 2306 572 2359 tunc
605 2299 660 2359 alia
693 2297 741 2358 die
774 2298 877 2377 spatha
908 2301 993 2359 tenui
1023 2297 1192 2360 circulatim

244 2455 260 2503 2
279 2450 452 2503 inactuosum
468 2466 514 2518 pc:
534 2465 584 2506 om.
599 2468 630 2520 9,
705 2457 721 2505 3
739 2451 835 2506 tilium
848 2468 879 2520 9ι
898 2451 978 2506 ulcus
997 2467 1038 2520 cp.
1111 2457 1127 2505 5
1147 2453 1191 2507 tit.

172 2521 216 2574 Ad
234 2519 342 2574 fistulas
360 2521 405 2588 (20
425 2519 450 2588 c)
468 2537 514 2590 gc:
533 2520 576 2576 De
593 2520 694 2576 fistulis
708 2539 738 2592 9.
848 2528 864 2576 6
883 2521 1001 2592 siringas
1020 2538 1037 2590 9
1058 2526 1143 2590 (-gn
1157 2539 1190 2591 p,

172 2606 277 2662 -guas
295 2592 329 2658 c).
401 2592 467 2646 sunt
485 2608 531 2661 epa
551 2591 624 2646 sicut
640 2609 666 2662 9.
740 2598 756 2647 9
777 2591 945 2648 cartidiones
963 2609 1008 2662 99,
1027 2593 1156 2647 —diores
1176 2609 1192 2648 c

173 2663 246 2732 (fort.
262 2659 428 2718 corticiones
442 2686 477 2707 =
490 2663 559 2732 hisp.
575 2665 734 2719 cortenonas
748 2665 767 2719 t.
782 2681 803 2718 e.
818 2665 947 2732 crustas).
1004 2661 1148 2718 'efelcidos
1162 2680 1191 2733 9,

171 2733 300 2789 ofeltidos
319 2749 342 2802 9
367 2732 517 2802 (exoleidas
542 2737 574 2803 c).
690 2740 723 2788 12
747 2735 866 2804 exigerit
889 2751 922 2804 cp
941 2739 966 2788 et
988 2739 1051 2788 cote
1073 2749 1142 2790 corr.
1162 2751 1190 2804 9.

172 2811 204 2860 12
224 2822 258 2861 ex
275 2821 320 2875 pc:
344 2820 394 2860 oro.
409 2820 440 2874 9.
514 2810 547 2859 13
566 2804 717 2861 denotomo
735 2821 761 2874 9.
852 2805 1034 2874 siringotomo
1052 2821 1078 2874 9.
1153 2811 1190 2858 14

170 2877 281 2932 occulta
299 2875 405 2945 (oculta
424 2876 448 2944 c)
467 2892 508 2946 9ο,
528 2876 700 2931 ccultantem
714 2893 745 2946 9.
836 2875 949 2930 arhficii
966 2891 1051 2929 manu
1068 2891 1120 2944 pcp
1138 2877 1189 2944 (cf.

170 2963 192 3002 c.
210 2951 270 3015 18).
357 2952 390 3000 15
410 2947 561 3018 catalogon
577 2963 618 3017 gc,
637 2947 766 3016 catologo
781 2963 811 3016 9.
903 2951 936 3000 18
955 2947 989 3000 de
1009 2946 1120 3014 aprina:
1140 2946 1189 3000 de·

169 3017 261 3086 pirina
273 3035 318 3087 99,
333 3017 363 3071 di
376 3023 442 3086 pffi
457 3034 479 3073 c.
551 3020 613 3091 seta
626 3034 644 3086 9
659 3019 732 3088 (seta
745 3020 798 3088 cp).
861 3017 975 3088 inspicis
988 3033 1006 3086 9
1019 3016 1190 3086 (insputisp,

169 3087 258 3157 aspice
280 3092 313 3155 c).
387 3093 420 3142 18
436 3090 509 3154 (etc.)
521 3088 621 3156 papiro
640 3105 699 3158 pap.
773 3094 806 3144 18
820 3087 956 3158 patefacis
973 3104 991 3156 9
1010 3087 1141 3157 (patescis
1154 3105 1190 3156 p,

168 3156 290 3228 pensatis
308 3161 341 3224 c).
414 3161 448 3210 20
467 3158 554 3239 elegis
571 3174 597 3227 9,
616 3157 698 3228 eligis
717 3175 731 3214 c
749 3159 848 3229 (eliges
861 3162 904 3229 9).
990 3174 1137 3240 carnosum
1155 3175 1189 3228 9;
1264 3155 1265 3192 ³

169 3228 305 3313 callosum
319 3244 360 3298 cp.
432 3231 466 3350 {1
481 3227 663 3354 flacrdtffioyp
683 3227 1132 3368 (hocigussoc).(—t022)orssreolslrlpim
1144 3245 1188 3298 yc,

167 3313 579 3495 ἕξὲᾒξξξρῇὶοῃᾶεὲεἱὲοθῖὲίο)
597 3387 624 3440 9,
643 3316 802 3427 ἔῖτοηὶαὴὶιξι
820 3373 850 3427 et
867 3316 1031 3426 densissimo
1050 3387 1079 3438 c,
1097 3316 1188 3427 cinabuli-⁸

179 3457 249 3496 anm
296 3457 353 3496 esre
369 3455 400 3510 p.
