2588 4028
551 230 792 294 -120—

172 375 358 454 chrysattico.
391 376 564 454 frequenter
578 374 650 435 dare
663 369 780 436 iubebis
795 375 841 435 vel
854 375 925 436 illud
941 375 1021 454 quod
1036 377 1184 440 curandae
1282 397 1283 460 j

145 463 346 536 ,ulcerationi
373 467 488 524 vesicae
517 471 618 544 aptum
646 481 663 524 a
690 462 841 525 veteribus
868 463 1025 544 probatur,
1055 472 1086 525 et
1114 483 1184 528 con·
1282 493 1283 512 r

170 553 269 612 licitur
296 552 353 611 hoc
381 552 482 632 modo,
511 562 542 612 et
569 553 661 630 magis
689 551 850 612 caniculari
877 560 1020 632 tempore.
1060 553 1116 614 lini
1139 573 1183 615 se-
1282 553 1283 578 l

170 641 258 700 minis
282 649 312 701 et
336 643 489 720 papaveris
510 639 568 700 albi
592 635 643 718 <et
661 637 851 720 cucumeris>
875 642 997 702 seminis
1023 641 1184 704 descamati

143 738 200 789 eet
227 729 361 809 draganti
388 731 469 790 tunsi
496 737 527 790 et
554 729 643 810 creti,
673 731 806 790 omnium
834 728 888 790 llll
910 744 947 790 ÷
969 729 1068 812 binas,
1096 731 1183 812 amyli
1282 731 1283 750 ¹

169 820 300 878 recentis
327 815 348 883 3
376 816 438 879 llll.
485 834 561 898 aqua
588 816 737 896 colligitur
763 826 795 878 et
821 819 968 879 trociscas
995 819 1183 881 informatur.

170 908 258 966 etiam
287 914 317 966 et
343 907 491 966 trociscus
518 905 685 985 epuloticus
713 905 749 966 ad
776 904 981 967 obducendam
1013 909 1184 969 cicatricem

169 995 232 1053 dari
260 1001 379 1073 oportet
405 1011 442 1054 ex
469 995 612 1054 vesicaria
639 993 732 1054 herba
759 995 930 1074 coniectus,
961 1011 1050 1073 qrrem
1078 994 1183 1056 Graeci

169 1081 216 1141 dia
239 1080 383 1161 sysalidon
406 1091 525 1163 vocant,
549 1099 637 1161 mem
661 1085 799 1162 superius
822 1085 852 1142 ln
877 1083 1020 1144 neiretica
1043 1086 1182 1162 passione

129 1183 155 1224 1o
169 1171 409 1250 conscripsimus.
443 1170 588 1232 utendum
606 1173 695 1231 etiam
713 1173 799 1250 aquis
817 1171 920 1232 calidis
937 1171 1065 1232 naturali
1085 1171 1182 1234 calore

168 1257 307 1338 plantatis
332 1292 370 1302 —
397 1275 465 1319 nam
487 1258 594 1319 Graeci
617 1260 734 1339 autolye
757 1259 835 1320 idata
858 1267 972 1321 vocant.
1009 1269 1081 1322 sunt
1104 1263 1184 1322 enim
1282 1325 1283 1350 ἶ

169 1349 287 1408 virtutis
315 1349 570 1426 metasynoriticae
604 1347 661 1408 hoc
689 1356 736 1409 est
763 1365 838 1428 quae
871 1348 986 1410 valeant
1018 1349 1184 1410 naturalem
1282 1359 1283 1390 l

169 1437 344 1514 temperiem
368 1437 503 1514 corporis
526 1453 678 1497 renovare.

168 1628 277 1690 llLVll.
315 1631 362 1691 Ad
391 1630 610 1693 cholericam
638 1632 841 1712 passionem
865 1640 900 1691 et
928 1630 1184 1696 defluxionem.
1282 1711 1283 1728 ἶ

128 1767 153 1808 15
262 1754 411 1834 Utraeque
429 1758 583 1834 passiones
602 1762 704 1816 acume
723 1753 770 1814 vel
788 1753 902 1816 celeres
921 1773 986 1816 esse
1007 1767 1184 1820 noscuntur.

169 1843 220 1902 sed
245 1842 392 1902 cholerica
415 1845 513 1922 passio
536 1843 603 1922 plus
626 1844 797 1903 acutissima
816 1851 846 1904 et
867 1842 1021 1904 molestior
1040 1861 1056 1904 a
1075 1849 1183 1906 veteri-

168 1930 224 1989 bus
248 1947 314 1990 esse
337 1929 472 1990 traditur.
510 1939 540 1990 et
559 1938 605 1990 est
627 1932 838 1992 reumatismus
857 1933 969 1992 ventris
989 1939 1019 1993 et
1037 1933 1184 1994 stomachi

169 2034 288 2076 sursum
317 2025 346 2076 et
375 2017 514 2078 deorsum
541 2035 596 2098 por
624 2036 657 2078 os
686 2027 774 2097 atquc
805 2027 939 2082 ventrem
962 2019 1061 2082 subito
1086 2031 1183 2084 natus.

240 2265 253 2313 1
274 2247 376 2315 dieuco
386 2275 418 2328 p,
437 2263 492 2314 ons
507 2259 582 2314 atico
598 2275 619 2314 c.
692 2259 759 2314 dare
774 2259 883 2314 iubebis
898 2277 924 2315 o:
944 2277 995 2316 om.
1008 2277 1035 2329 p.
1109 2261 1183 2316 illud

162 2347 196 2399 p:
216 2346 266 2386 om.
287 2348 308 2385 c.
418 2329 541 2384 curanda
563 2329 736 2385 ulceratione
759 2346 785 2398 c,
809 2331 931 2386 curanda
953 2331 1134 2388 ulcerationis
1151 2349 1181 2401 p.

166 2407 181 2453 2
201 2401 337 2469 probatur
350 2417 386 2469 p:
407 2401 503 2454 -tum
521 2407 575 2468 opt
666 2406 682 2454 3
702 2403 731 2456 et
752 2399 844 2470 magis
868 2403 954 2472 (mag)
972 2419 1014 2470 cp.
1106 2403 1182 2460 cani-

166 2471 269 2526 cularis
287 2470 421 2540 temporis
440 2487 462 2524 c.
547 2477 565 2524 4
582 2471 632 2526 too
649 2473 740 2540 ipsum
758 2476 797 2526 est
814 2473 1003 2528 Andromoclti
1020 2475 1098 2543 apud
1116 2474 1180 2532 aar.

168 2541 275 2609 XIII,
299 2545 358 2596 322
381 2535 453 2610 πρὸς
475 2537 572 2596 κύστιν
595 2536 761 2612 illapsam
783 2541 833 2596 aul
856 2543 1011 2614 dooooptuo
1034 2546 1083 2612 (οἵ.
1103 2544 1180 2600 orit.

165 2628 225 2668 aa.
244 2616 276 2678 9,
293 2615 352 2680 24).
434 2613 506 2680 4(et
523 2613 552 2680 t)
570 2613 600 2667 et
617 2628 667 2667 om.
682 2629 714 2680 p.
795 2615 824 2668 et
842 2613 997 2670 cucumeris
1018 2616 1118 2671 addidi
1134 2619 1181 2681 (eu

193 2683 228 2737 ol.
249 2684 276 2738 I.
296 2687 335 2751 c):
354 2697 404 2738 om.
424 2698 464 2750 op.
538 2681 704 2754 adroganti
718 2700 749 2754 p,
767 2683 890 2740 uocanti
909 2702 931 2740 c.
1004 2684 1062 2740 ofin
1080 2685 1179 2755 11113-

165 2753 509 2820 bincsczai1.3.11(cf.
530 2752 616 2820 Gal).
725 2762 824 2810 tcum
847 2771 923 2824 eque
936 2772 967 2824 p.
1076 2759 1138 2813 tro'c
1147 2775 1182 2827 p,

165 2824 285 2881 trociectr
304 2827 322 2892 (.
337 2867 344 2880 .
360 2867 366 2879 .
382 2823 521 2893 confecta)
540 2841 563 2880 c.
636 2823 753 2882 tetiam
772 2827 801 2880 et
819 2826 1020 2895 empuleticum
1039 2827 1182 2884 obducen-
1238 2825 1239 2830 ’

165 2914 231 2967 dum
251 2931 277 2980 c,
301 2913 387 2969 etium
405 2920 418 2967 i
435 2896 512 2968 t⁰crs
541 2912 696 2984 epuloticus
718 2913 755 2968 od
780 2913 928 2969 obductas
945 2916 1009 2983 (sic)
1022 2931 1053 2984 p.
1163 2924 1181 2972 8

165 2984 303 3038 beureria
320 3001 343 3052 e,
360 2983 494 3040 beficaria
502 3000 532 3053 p.
606 2989 622 3038 9
638 2983 814 3066 diafiselidon
826 3001 857 3052 p,
877 2985 1034 3040 diafisidion
1047 3001 1069 3040 c.
1097 3058 1103 3070 ·
1145 2993 1182 3042 10

166 3053 401 3179 limittit
416 3053 676 3179 artatis...
699 3053 799 3179 Ψ
818 3071 868 3180 ⁰12
887 3063 965 3182 ...t
979 3072 1179 3182 trama

165 3139 299 3249 metiri
312 3211 342 3262 p.
418 3167 451 3248 1'4
469 3195 514 3248 Ad
532 3141 871 3266 eollericamppcssionem
890 3202 923 3252 47
943 3213 971 3266 u,
993 3197 1036 3253 De
1054 3171 1180 3254 fluxiond

164 3266 240 3320 rubr.
256 3281 285 3335 p.
360 3269 393 3318 lt
407 3264 530 3333 Utroque
548 3283 575 3334 p.
594 3267 646 3331 (cic
663 3267 777 3337 ioclpit)
793 3283 818 3322 c:
838 3268 871 3322 Iu
890 3267 1047 3324 defluxione
1060 3271 1182 3340 utreque

164 3351 224 3406 pp
244 3335 327 3404 (nane
344 3335 376 3389 ire
393 3335 435 3389 tit.
455 3336 553 3391 addidi
567 3337 597 3392 et
610 3337 814 3408 defluxionem).
889 3346 922 3394 tc
936 3339 1000 3408 plus
1015 3339 1182 3395 acutissima

165 3409 194 3461 et
211 3405 355 3461 molestior
374 3421 399 3460 c:
419 3405 482 3476 plus
501 3408 585 3462 acute
597 3408 688 3478 magis
706 3409 826 3466 molesta
835 3425 866 3478 p.
941 3416 973 3464 17
992 3410 1131 3465 stomachi
1149 3414 1182 3466 et

164 3477 270 3534 ventris
283 3493 314 3547 p.
388 3483 420 3532 18
434 3479 518 3533 natus
527 3494 562 3547 p:
581 3482 675 3534 inatus
689 3481 827 3549 (eustasi)
842 3497 864 3535 c.
