2588 4028
579 219 800 284 ...76-

183 382 299 426 morem
320 383 359 426 cx
376 383 410 426 se
428 365 583 426 dimittam
599 368 632 426 in
650 373 794 444 utrasque
811 373 913 444 partes
930 365 1061 425 lancium
1079 371 1197 442 spargat

184 463 215 514 ct
232 471 293 514 non
311 471 366 533 per
384 453 516 514 medium
533 453 711 515 destillando
728 453 879 534 pulmonis
893 452 1080 514 altitudinem
1093 451 1200 534 laedat,

183 543 264 604 sicut
281 550 400 602 ceterae
413 561 489 604 uvae
501 543 623 604 iaciunt.
653 551 827 623 propterea
845 543 995 621 chirurgia
1013 539 1199 620 prohibetur.

273 633 437 692 curationis
464 649 535 691 vero
562 637 698 710 tempore
724 633 757 691 in
783 633 850 710 ipso
876 633 961 691 initio
989 629 1025 690 ad
1054 647 1127 690 uvas
1155 637 1200 690 tu·

157 727 301 780 amentes
329 728 360 780 et
381 719 570 801 summissas,
597 737 672 799 quas
694 719 801 780 Graeci
824 719 1063 782 coebalasmenas
1084 727 1202 799 vocant,

185 819 216 870 et
234 807 419 870 tumentibus
437 807 574 869 saucibus
592 811 638 869 uti
657 816 777 888 oportet
794 807 843 868 dia
860 810 979 888 pityrou
998 809 1201 886 anagargaris·

184 905 276 979 mate,
303 897 333 957 id
361 905 408 957 cst
435 915 472 956 ex
500 895 650 958 cantabro.
691 905 723 957 et
745 897 903 958 coniicitur
932 898 983 957 sic.
1025 893 1203 955 cantabrum
1272 963 1273 970 ¹

183 1003 246 1046 non
272 986 361 1046 nimis
384 984 526 1046 calcatius
548 987 634 1046 tenui
655 984 777 1046 linteolo
804 985 950 1065 illigatum
971 985 1072 1046 mittes
1099 985 1132 1043 in
1155 1001 1201 1044 ca·
1272 1005 1273 1010 ¹

185 1071 259 1134 cabo
286 1072 371 1134 fictili
399 1081 430 1134 et
455 1091 533 1134 novo
561 1083 613 1136 aut
639 1082 722 1136 certe
750 1092 843 1136 aeneo
870 1080 1005 1152 stagnata
1029 1079 1061 1133 et
1088 1071 1204 1132 adiecta

87 1185 113 1226 a·
126 1172 175 1216 m:
187 1159 267 1222 dulci
289 1179 365 1240 aqua
388 1161 478 1222 addes
499 1163 503 1237 Ι
524 1164 634 1224 siccam
652 1181 752 1224 rosam
769 1171 801 1224 ct
817 1162 961 1242 palmulas
983 1164 1110 1241 pingues
1128 1156 1203 1240 (et)
1272 1159 1273 1238 i

184 1248 327 1310 lenticula
358 1249 487 1310 admixta
518 1250 596 1312 sales
628 1250 844 1325 alexandrinos.
890 1253 988 1313 omnia
1015 1249 1051 1311 ad
1078 1248 1204 1310 modum
1272 1245 1273 1330 s

186 1339 301 1418 mittes,
329 1345 360 1398 et
390 1355 502 1417 coques
530 1339 626 1400 donec
657 1339 800 1404 lenticula
830 1347 984 1418 coquatur.
1028 1343 1098 1417 post
1128 1335 1204 1398 baec

185 1427 285 1505 ipsum
303 1443 409 1488 sucum
432 1426 569 1507 liquabis.
605 1427 683 1490 benc
706 1436 905 1508 temperatum
925 1436 956 1488 et
974 1443 1034 1486 non
1053 1427 1205 1486 viscosum
1272 1451 1273 1512 3

186 1531 242 1576 nec
265 1516 375 1576 iterum
397 1517 487 1578 nimis
505 1525 646 1596 aquatum
664 1516 789 1598 efficias,
813 1524 844 1576 et
862 1514 960 1576 addito
979 1513 1096 1576 madico
1114 1513 1204 1576 melle
1272 1527 1273 1590 1

147 1617 172 1656 1⁵
187 1603 361 1683 despumato
385 1605 629 1685 gargarizandum
650 1603 832 1684 patientibus
851 1603 935 1664 dabis
957 1621 1018 1664 uon
1041 1603 1133 1664 nimis
1157 1621 1205 1664 ca·
1272 1599 1273 1676 l

186 1691 279 1754 lidum
307 1711 404 1772 neque
427 1695 539 1756 iterum
566 1692 715 1772 frigidum
752 1695 864 1762 etenim
891 1695 917 1753 si
939 1691 1080 1770 frigidum
1103 1691 1207 1773 fuerit,
1272 1687 1273 1742 ἒ

186 1781 372 1843 tumentibus
393 1781 529 1860 partibus
552 1781 759 1842 manifestatur
778 1799 845 1842 esse
863 1782 1055 1844 contrarIum.
1092 1781 1206 1840 iterum

186 1871 213 1928 si
235 1871 324 1929 nimis
348 1869 475 1930 calidum
499 1870 604 1948 fucrit,
626 1868 690 1930 loca
713 1869 831 1930 fervore
855 1887 980 1931 accensa
1000 1869 1103 1930 inurit.
1150 1867 1207 1928 sed

188 1955 299 2016 sufficit
321 1963 437 2017 tantum
454 1964 489 2016 ut
507 1956 674 2019 secundum
692 1964 805 2018 tactum
827 1966 961 2038 teporem
980 1955 1086 2016 habeat
1109 1955 1207 2036 lactis,

147 2057 173 2097 20
187 2043 267 2122 quod
291 2043 396 2104 Graeci
419 2043 586 2124 galactodes
606 2053 722 2106 vocant.

275 2130 453 2194 diachrisma
482 2135 659 2196 stomaticon
685 2134 716 2196 id
743 2143 790 2196 est
816 2134 1036 2196 inlinimentum
1064 2134 1111 2194 ori
1134 2149 1207 2192 con·
1272 2173 1273 2182 1

258 2327 274 2374 2
298 2321 499 2378 <instillandum
521 2338 551 2391 9,
576 2321 740 2378 distillando
763 2339 805 2392 cp.
912 2319 1046 2378 atheias
1072 2336 1207 2390 menasp

188 2390 271 2460 (baias
295 2399 373 2448 meas
390 2393 436 2460 p),
460 2391 651 2448 thalasmenas
675 2411 690 2450 c
712 2395 741 2464 (i.
765 2411 786 2448 e.
811 2390 1023 2464 κεχαλασμένας
1044 2391 1107 2446 Gal.
1123 2390 1207 2458 XII,

187 2463 242 2543 914
260 2463 328 2543 cic).
401 2467 417 2516 6
435 2460 615 2530 Diapilironn
638 2463 839 2534 gargarismaie
856 2480 888 2534 9,
911 2461 1063 2534 diepitiron
1082 2477 1163 2532 garg.
1184 2479 1208 2531 c,

187 2532 346 2600 drepetuou
382 2547 474 2600 anega
509 2573 515 2586 .
547 2549 578 2601 p.
695 2541 711 2590 8
748 2535 882 2591 calcatius
917 2551 962 2604 pc:
1000 2533 1139 2588 calcetum
1173 2549 1206 2602 p.

187 2600 275 2670 illi(ili
289 2603 413 2672 c)gabum
430 2619 475 2670 pc:
508 2601 514 2614 '
553 2605 615 2658 tum
629 2621 659 2673 p.
731 2605 821 2661 millis
838 2622 898 2675 pop.
983 2603 1014 2658 in
1032 2603 1206 2659 cacabo...

187 2673 332 2742 stagnalo:
351 2673 391 2728 sic
408 2689 468 2742 pcp.
541 2679 652 2730 licerio
671 2691 758 2732 aeneo
777 2678 886 2746 (eneoc
915 2677 1046 2746 stagnoto
1061 2691 1107 2744 cp:
1128 2676 1207 2730 certe

186 2742 319 2812 plumbeo
338 2743 384 2798 val
403 2744 519 2868 siaupneo
538 2744 584 2799 vel
603 2762 672 2828 enen
685 2763 717 2816 p.
826 2753 859 2802 10
897 2745 973 2800 ulcio
991 2761 1062 2826 quaa
1080 2761 1098 2814 9
1117 2743 1208 2812 (dulci

188 2814 491 2955 {cillialid
505 2818 1206 2957 lingus'lillnlflllliii&diffidi

187 2961 261 3028 altas
276 2976 309 3042 p)
332 2989 384 3042 pop
407 2973 437 3042 (l.
461 2974 587 3029 admixta
612 2975 707 3043 Pete).
818 2981 852 3030 15
874 2977 907 3030 ul
929 2974 1167 3044 gargarizandum
1189 2991 1206 3043 9

188 3043 375 3111 (gargarizato
394 3059 417 3111 c,
435 3046 598 3113 -zendop
615 3061 665 3101 om.
684 3047 736 3112 nt).
809 3063 835 3100 n.
852 3064 879 3100 n.
898 3045 980 3100 dabis
999 3046 1119 3113 (iterem)
1138 3045 1207 3100 oali·

188 3112 255 3166 dum
274 3127 296 3166 c.
379 3118 411 3166 16
430 3113 608 3184 frigidum..
625 3116 818 3171 ‚contrarium
837 3118 884 3184 (sc.
905 3116 1146 3186 anagargurismn)
1166 3117 1207 3170 cic

187 3197 247 3252 pop.
322 3187 354 3236 19
370 3182 473 3238 sufficit
485 3183 597 3238 tentum
612 3187 663 3253 (effi
678 3189 702 3255 c)
716 3189 749 3242 ut
761 3203 804 3257 pc:
824 3203 874 3244 om.
885 3203 916 3256 p.
990 3191 1025 3241 20
1041 3187 1206 3257 galnc’cndes

186 3269 214 3322 9,
231 3251 379 3376 palatpdea
398 3269 420 3320 c,
440 3253 616 3336 cololodeap
631 3257 678 3325 (of.
692 3259 788 3313 Aurei.
803 3275 825 3314 c.
840 3259 894 3327 14).
981 3263 1015 3312 21
1031 3257 1206 3312 diacrissimc

187 3338 213 3391 9,
251 3337 381 3378 tacnsme
400 3339 428 3391 c,
448 3323 633 3395 maonsmop
657 3329 702 3396 (cf.
721 3324 878 3398 διάχριστοι
896 3327 1061 3399 σωματικαὶ
1079 3329 1122 3382 vel
1140 3325 1204 3382 διά-

187 3409 285 3478 χριστα
298 3388 453 3464 σωματικαὶ
468 3393 569 3449 Gelani
584 3396 669 3466 XII,
683 3403 740 3455 938
753 3402 829 3470 199).
902 3399 1050 3454 stomatice
1070 3398 1204 3467 (tomacla

186 3479 227 3518 arc
245 3467 270 3536 c)
288 3481 332 3535 99.
436 3466 486 3522 boc
504 3465 605 3523 (inieci
625 3470 683 3536 fuit
705 3488 724 3526 o
742 3470 847 3526 Gaiano
865 3471 957 3540 primo
975 3469 1111 3526 traditum
1129 3469 1203 3537 (XII,
