2558 4022
510 261 729 326 ...69-

110 404 168 468 hus
190 407 353 487 imperare,
374 408 416 467 ita
438 413 473 466 ut
496 391 528 468 s'e
548 407 628 466 circa
650 403 755 465 horam
777 404 922 468 decimam
939 406 1075 468 reiciant
1097 413 1129 468 et

110 513 126 568 a
150 493 237 556 solito
256 497 357 555 minus
379 499 486 574 potum
503 494 658 573 accipiant.
702 495 817 554 interea
835 493 971 556 ciborum
992 496 1127 576 ipsorum

109 582 236 662 qualitas
265 601 384 662 semper
412 589 531 662 oportet
553 600 620 642 esse
648 583 727 642 sicca
755 581 802 642 vel
828 581 920 644 solida
947 592 998 645 aut
1020 601 1127 664 corpu-

109 671 205 752 lenta,
229 689 318 750 quam
340 669 448 731 Graeci
470 679 588 732 stereon
605 679 720 731 vocant.
757 673 800 731 sic
821 672 901 732 euim
919 674 1016 732 omnia
1039 687 1127 751 quae·

108 777 169 838 quc
202 758 323 820 humida
356 758 557 840 desiccantur,
586 777 654 820 oum
682 777 697 819 c
725 760 876 820 conhario
900 761 1058 821 contrariis
1082 771 1155 822 sart

108 849 193 908 natio
222 847 389 908 adhibetur.
434 855 465 908 ct
496 850 523 908 si
550 855 686 908 ventrem
711 850 833 910 minime
862 848 981 929 lecerit,
1013 849 1129 908 acriore

109 935 239 1014 clystere
267 935 460 997 deducendus
488 938 553 997 erit
597 935 705 997 dehinc
727 936 846 1016 iugulos
869 944 902 998 et
923 936 1075 998 thoracem
1098 945 1130 998 et

109 1042 126 1084 a
153 1031 239 1104 tergo
266 1026 347 1084 inter
375 1024 510 1104 scapulas
540 1042 636 1104 usque
665 1024 701 1085 ad
728 1027 878 1086 cervicem
905 1025 1069 1105 oxyrodino
1096 1025 1128 1088 id

109 1121 156 1173 ast
179 1119 263 1173 aceto
286 1120 318 1173 et
339 1129 462 1174 rosaceo
486 1112 552 1174 oleo
576 1131 612 1174 ex
635 1113 710 1174 lanis
733 1113 845 1175 sucidis
869 1112 1070 1195 ambrocahis,
1094 1116 1127 1176 in

108 1200 207 1261 hieme
235 1200 329 1261 calide
358 1204 470 1262 aestate
501 1201 621 1283 frigide,
658 1210 689 1262 et
719 1210 869 1283 oportuno
896 1209 1031 1284 tempore
1062 1202 1168 1264 loca1⁰

13 1347 14 1350 ,
108 1289 225 1350 scilicet
252 1289 422 1368 supradicta
446 1309 481 1350 ex
509 1289 646 1369 palman
668 1298 702 1352 ct
721 1299 837 1352 murtae
867 1293 964 1352 siccae
987 1293 1126 1352 tenuissir

111 1380 167 1438 mis
195 1376 355 1456 polhnihus
383 1385 414 1440 ct
443 1377 548 1438 hordei
571 1377 680 1456 polline
703 1397 773 1440 oum
795 1379 963 1440 sufficiente
987 1378 1074 1440 melle
1096 1388 1129 1442 et

110 1473 195 1526 aceto
220 1469 371 1527 concoctis
394 1465 626 1545 cataplasmahis.
668 1485 724 1527 nec
751 1485 811 1528 non
839 1469 929 1528 etiam
956 1467 1128 1529 cucurbitas

111 1553 242 1614 stalticas
265 1554 296 1614 id
320 1562 367 1614 cst
387 1555 612 1614 constrictorias
638 1553 754 1615 thoraci
777 1562 808 1615 ct
830 1555 920 1615 dorso
943 1555 1035 1618 multa
1059 1573 1127 1617 cum

17 1703 21 1717 .
109 1643 229 1704 flamma
248 1641 475 1722 conglutinahis.
508 1643 596 1702 ctiam
610 1648 641 1702 et
659 1645 790 1720 gutturis
808 1650 924 1721 partem
943 1643 999 1704 suh
1017 1651 1128 1725 mento,
1143 1653 1168 1695 1⁵

111 1749 201 1809 quam
224 1730 330 1792 Graeci
358 1739 519 1792 antereona
542 1737 662 1811 uocant,
689 1730 831 1792 novacula
854 1730 955 1812 rades,
981 1739 1011 1792 ct
1033 1733 1127 1793 earni-

110 1819 168 1880 hus
191 1819 357 1899 palmarum
381 1827 412 1880 et
434 1837 549 1880 amomo
574 1827 604 1880 et
626 1818 844 1899 hypoquistidis
865 1837 938 1880 suco
958 1827 988 1881 ct
1006 1822 1128 1882 mastiee

109 1908 252 1968 adiuncto
279 1907 395 1969 modico
422 1907 511 1970 melle
538 1910 690 1969 concoctis
716 1910 848 1989 pyriama
878 1909 1047 1971 conlectum
1078 1927 1127 1989 ap-

108 2013 219 2078 pones,
255 1992 327 2076 <aut
363 1996 450 2058 melle
482 1993 647 2077 conecclo>
684 2005 715 2058 et
754 1997 887 2078 herpyllo
922 1996 1014 2060 herha
1044 1991 1048 2081 Ι
1078 1998 1127 2059 ad·
1146 2020 1168 2059 a·
1183 2009 1222 2049 18⁵

109 2087 203 2145 mixta
222 2084 285 2145 aloe
305 2085 442 2148 similiter
459 2103 599 2164 appones.
638 2094 689 2145 aut
707 2085 756 2145 dia
773 2089 855 2146 ileon
877 2087 1127 2147 medicamentum

184 2242 198 2289 1
218 2239 252 2290 ul
269 2253 298 2290 se
315 2281 320 2292 .
337 2280 343 2292 .
359 2281 365 2292 .
380 2236 509 2292 reficient
525 2255 556 2309 9:
580 2239 614 2291 uh
628 2277 635 2289 .
651 2281 657 2292 .
674 2235 857 2290 ,reficiantur
874 2252 916 2305 cp.
989 2235 1127 2290 decimam

18 2349 23 2356 .
108 2325 155 2380 poe
175 2304 216 2361 XI
228 2324 258 2377 p.
345 2313 399 2360 hs
415 2325 460 2379 pe:
480 2324 529 2363 otu.
545 2324 576 2377 p.
661 2307 787 2376 ipsorum
807 2306 932 2361 ciborum
951 2323 976 2376 q.
997 2322 1037 2375 op.
1111 2313 1127 2360 3

110 2397 225 2466 oportet
243 2408 303 2450 esse
321 2413 353 2466 p:
374 2395 412 2451 sit
429 2411 470 2465 cp.
558 2403 575 2451 4
594 2397 684 2452 steros
701 2413 747 2467 pp,
766 2383 837 2450 tc'ia
855 2412 876 2450 o.
968 2413 1005 2464 qu
1024 2411 1078 2464 que
1095 2412 1127 2465 9:

108 2485 137 2536 qs
157 2473 177 2536 ξ
194 2483 222 2534 o,
246 2469 276 2537 (ᾖ
298 2483 353 2535 que
381 2467 568 2536 (quecunque)
592 2485 623 2538 p.
732 2472 831 2521 boum
850 2497 885 2507 —
904 2411 1053 2522 adhibaffur
1077 2481 1146 2536 ppa-

78 2553 160 2595 ·om.
181 2554 203 2594 e.
294 2536 509 2606 801yrodinon
529 2556 548 2609 p
567 2541 649 2609 (-uo
673 2539 723 2608 cp).
815 2543 885 2594 hex
908 2554 933 2594 c:
958 2538 987 2593 et
1008 2555 1039 2608 p,
1063 2554 1128 2592 oum

109 2611 145 2680 (ὁ)
159 2625 190 2678 p.
266 2614 299 2664 10
318 2607 408 2662 calido
425 2626 474 2680 pc:
494 2609 573 2664 —dis
584 2627 616 2680 p.
698 2608 850 2680 frigidcp:
870 2609 982 2680 -duc,
1002 2607 1126 2678 —disp

108 2681 175 2735 loos
193 2679 300 2734 scilieet
319 2696 354 2734 ex
371 2679 540 2748 supradictis
557 2697 604 2752 po,
623 2679 687 2735 locs
706 2697 790 2750 supra
809 2680 886 2736 diota
899 2697 931 2750 p.
1040 2685 1072 2732 11
1093 2695 1128 2732 ex

109 2752 171 2821 (sic)
189 2753 282 2826 munte
301 2750 373 2833 sioop
389 2767 417 2820 9,
436 2753 466 2806 et
483 2751 568 2806 mirla
586 2751 661 2806 sicca
674 2767 716 2821 op.
787 2751 941 2821 pollinibus
955 2747 1127 2830 tenuissimis

104 2821 424 2894 p‚pollinistenu1se.
499 2828 530 2876 tn
549 2821 655 2892 polline
674 2840 700 2893 p.
786 2820 941 2876 sufficiente
959 2837 988 2890 p:
1008 2821 1067 2872 -u
1085 2834 1127 2886 cp.

110 2916 144 2965 15
161 2911 191 2966 ei
204 2913 312 2980 torsop
332 2911 376 2978 (cf.
396 2889 467 2976 {idio
477 2927 500 2980 p
514 2911 545 2966 id
558 2917 596 2965 est
610 2911 640 2966 eh
654 2926 716 2966 orso
725 2927 748 2978 p
758 2925 813 2978 pro
827 2911 858 2962 oi
871 2909 954 2962 dorso
964 2909 1019 2976 P⁰)·
1093 2910 1126 2960 15

108 2983 207 3036 mento
225 2999 252 3052 p,
271 2983 368 3036 mentu
387 2981 447 3050 (sie)
466 2997 506 3050 cp.
596 2987 629 3035 16
648 2982 800 3034 suleraona
817 2995 846 3050 p:
867 2979 1002 3034 untueon
1020 2994 1045 3060 c,
1061 2977 1127 3060 'lhe-

109 3053 209 3108 redum
232 3067 251 3122 p
275 3053 322 3122 (cf.
347 3051 420 3108 Cael.
445 3049 518 3106 Aur.
536 3065 567 3120 p.
591 3055 656 3106 388.
681 3051 756 3119 383).
866 3055 898 3104 tt
925 3048 1126 3120 ypoqmshdrs:

106 3125 149 3180 sic
167 3140 229 3195 pop.
328 3123 461 3178 mastices
481 3123 526 3191 (=
546 3123 588 3191 ee)
606 3139 624 3194 9
642 3121 704 3190 (-h
716 3122 757 3192 p).
861 3127 894 3176 18
914 3122 1047 3176 eoncooto
1066 3137 1098 3192 pc

107 3197 213 3264 em(om
228 3193 379 3264 p)pirismu
395 3209 454 3266 pop.
529 3197 563 3246 20
578 3193 627 3248 aut
642 3191 727 3246 mello
746 3194 892 3248 consocio:
911 3194 962 3246 sui
979 3191 1016 3262 (h)
1034 3189 1091 3246 mel

108 3285 243 3338 concocta
268 3283 341 3350 (eote
364 3287 428 3336 acto
451 3297 519 3336 corr.
543 3282 592 3351 qui
613 3297 665 3336 scr.
684 3264 767 3348 dolii
784 3277 1008 3336 deletis'ls'neolis
1028 3295 1126 3348 osopum

107 3354 232 3424 seriptis)
247 3369 279 3422 p,
298 3369 349 3408 om.
367 3370 386 3424 p
404 3353 464 3422 (uhi
481 3369 606 3422 oppones
625 3355 654 3407 et
670 3351 803 3424 herpillo)
822 3357 847 3406 et
864 3355 936 3418 (com
954 3368 1023 3420 seqq.
1042 3365 1127 3418 osque

107 3427 146 3480 od
163 3441 189 3480 o.
210 3429 251 3480 20
266 3425 401 3492 apponas)
416 3439 437 3478 c.
506 3426 536 3480 et
549 3423 669 3493 herpillo
686 3425 798 3494 (-lep)
808 3453 841 3462 -
853 3428 887 3478 20
902 3438 1027 3492 appones
1041 3435 1091 3476 om.
1102 3435 1125 3473 o.

105 3513 214 3568 ammte
229 3529 260 3582 p.
333 3517 367 3566 no
386 3512 469 3568 aloen
485 3529 510 3583 ρ.
584 3497 733 3581 amusos
750 3529 768 3582 ρ
787 3509 966 3582 (nminem
984 3510 1017 3577 ο).

1120 3163 1125 3175 Ι

1105 3189 1112 3203 b
