2588 4028
515 225 737 290 ..91-

114 371 223 449 capitis
241 369 378 432 detiuunt
395 379 426 431 et
449 372 475 430 si
495 371 528 430 in
550 368 691 449 pulmone
716 369 808 430 tuerit
825 369 969 432 ulceratio
987 369 1131 432 malarum

115 457 208 520 rubor
241 461 272 520 in
304 459 389 520 inltu
422 457 604 538 ostenditur,
637 464 668 518 et
694 457 855 536 digitorum
882 460 979 539 capita
1007 457 1131 520 robusta

111 547 288 608 efficiuntur
316 565 386 608 cuni
413 546 612 608 obuncatione
639 547 798 626 unguium,
826 564 915 624 quam
937 546 1042 608 Graeci
1065 565 1130 628 gry-

114 637 204 716 posin
227 643 343 696 vocant.

207 727 238 784 iri
272 723 477 785 curationibus
510 742 579 784 iero
612 731 731 804 oportet
757 725 788 784 in
815 725 964 804 principio
991 723 1158 786 conteres

112 830 195 891 quae
213 811 329 873 valeant
346 812 464 874 sordida
483 812 585 874 ulcera
602 811 769 892 depurgare
791 821 823 874 et
844 814 977 892 ipsorum
997 812 1132 874 locorum

111 903 294 980 patientium
325 910 472 962 tumorem
500 903 643 981 mitigare.
683 901 741 962 boc
769 908 815 962 est
841 901 962 964 laeuum
991 918 1132 982 graecum

111 1007 229 1068 coques
256 989 362 1050 eodem
390 989 478 1050 modo
507 1009 566 1070 qno
594 992 734 1071 superius
757 989 792 1052 ad
820 989 995 1052 tussiculam
1018 989 1131 1052 aridam

111 1079 358 1159 conscripsimus,
373 1087 403 1139 et
417 1097 485 1142 oum
499 1079 616 1140 modico
630 1079 718 1142 molle
733 1079 907 1160 despumato
922 1078 1006 1142 dabis
1021 1081 1130 1141 ieiunis

112 1175 147 1227 et
159 1165 196 1226 ad
211 1185 373 1246 vesperam.
406 1167 458 1229 sed
473 1170 499 1228 si
512 1168 580 1248 plus
594 1168 723 1230 eundem
737 1186 844 1230 sucum
857 1171 976 1249 operari
992 1169 1131 1249 volneris,
1145 1179 1171 1219 10

12 1293 14 1316 2
112 1257 145 1315 in
179 1254 309 1316 secunda
340 1272 417 1335 aqua
449 1255 539 1318 addes
571 1259 630 1318 irin
661 1256 806 1337 illyricam
838 1264 871 1318 et
901 1259 986 1337 ysopi
1016 1275 1130 1337 cymam

110 1343 282 1404 sufficiente
301 1344 403 1427 modo,
427 1354 457 1406 et
479 1345 609 1406 admixto
633 1345 750 1407 modico
769 1344 856 1408 mede
876 1345 1014 1406 similitor
1037 1344 1130 1406 dabis.

109 1431 206 1512 aliqui
219 1450 289 1492 vero
307 1451 363 1512 pro
378 1433 464 1494 melle
484 1436 596 1494 caricas
615 1435 740 1512 pingues
760 1452 850 1514 snpra
869 1434 957 1496 dictis
971 1432 1130 1514 speciebus

110 1520 280 1600 adiungunt
302 1528 334 1581 et
354 1523 387 1582 in
410 1539 470 1582 nno
494 1531 636 1600 coquunt.

203 1609 258 1670 alia
280 1611 363 1689 potio
387 1608 514 1670 diorobii
537 1609 680 1689 appellati
705 1609 736 1669 id
760 1619 806 1671 est
828 1609 865 1670 de
888 1628 968 1670 erro.
1006 1619 1037 1671 et
1059 1622 1170 1672 cori-15

111 1698 214 1758 ticitnr
232 1699 284 1758 sic.
321 1715 425 1760 orrum
444 1697 570 1760 rubrum
593 1697 689 1778 pridie
709 1715 786 1777 aqua
807 1696 962 1776 infundes,
984 1697 1040 1758 ulia
1058 1716 1129 1758 vero

23 1862 27 1870 Ι
108 1785 164 1846 die
190 1794 266 1850 testa
294 1787 387 1866 ignita
415 1787 589 1850 torrelacies
616 1786 769 1848 moderate
796 1793 831 1848 nt
861 1803 921 1846 non
954 1785 1068 1867 ardeat,
1100 1795 1131 1846 et

110 1875 273 1954 diligenter
302 1874 428 1936 siccabis
455 1885 486 1937 et
512 1875 606 1937 moles
634 1875 764 1938 manuali
795 1874 886 1958 mola,
923 1892 992 1935 nam
1024 1873 1129 1936 Graeci

109 1962 301 2043 chiromylori
337 1971 455 2046 uocant,
496 1973 527 2026 et
566 1967 665 2046 ipsum
707 1963 849 2046 pollinem
884 1966 970 2026 tenui
1006 1962 1128 2025 cribello

110 2053 249 2132 traicies‚
277 2060 308 2113 et
330 2071 365 2113 ex
393 2055 459 2133 ipso
487 2053 609 2133 pulvere
633 2053 717 2114 dabis
740 2053 919 2114 coclearium
942 2071 1036 2114 nuum
1060 2070 1129 2113 oiim
1143 2066 1169 2104 20

111 2140 210 2202 mulsa
239 2139 332 2202 calida
359 2143 468 2202 ieiunis
496 2150 527 2202 et
553 2141 589 2202 ad
617 2159 778 2221 vesperam.
821 2140 978 2219 aliquando
1001 2158 1072 2200 vero
1098 2142 1129 2200 in

112 2227 211 2290 tribus
242 2227 378 2308 partibus
409 2229 528 2308 pollinis
561 2229 711 2290 adduntur
741 2230 826 2308 ysopi
854 2235 885 2288 et
915 2229 970 2287 iris
999 2225 1128 2305 illyricae

110 2326 215 2400 partes
239 2317 386 2399 singulae,
410 2327 440 2378 et
463 2317 599 2378 similiter
622 2325 656 2378 iit
679 2333 768 2397 snpra
792 2315 887 2377 datur.

187 2494 200 2542 1
221 2488 358 2544 melorum
375 2505 393 2557 ρ
412 2490 577 2558 (utsupra).
650 2494 667 2544 3
683 2488 868 2546 obuncatioiio
882 2493 941 2558 ptp,
960 2487 1128 2544 obunctioiie

110 2564 178 2614 ante
195 2575 265 2615 corr.
283 2577 315 2630 p,
339 2558 491 2616 mitaoione
514 2576 537 2616 c.
646 2557 782 2631 griposim
801 2561 872 2628 (—si
885 2561 919 2629 p)
937 2575 987 2630 pp,
1011 2561 1129 2629 possunt

110 2631 174 2700 (sio)
193 2647 215 2684 r.
289 2629 437 2686 uvaleont
455 2647 496 2700 cp,
515 2631 611 2687 volent
627 2647 653 2701 p.
744 2633 833 2686 thou
851 2633 895 2686 est
913 2631 973 2713 (uir)
988 2647 1031 2712 pc,
1050 2629 1068 2684 l.
1088 2629 1128 2698 (id

111 2703 168 2768 est)
182 2717 213 2769 p.
318 2701 432 2757 foenum
449 2719 468 2772 p
486 2701 544 2771 (foi
556 2719 593 2772 p,
614 2701 681 2758 tenu
700 2705 734 2772 o).
839 2709 871 2756 11
890 2701 953 2756 irisi
974 2701 1084 2756 bricam
1102 2717 1128 2770 p,

109 2769 248 2826 ursinico
256 2789 289 2842 p,
306 2771 498 2828 insilliencom
506 2790 526 2856 'o
539 2775 580 2842 (id
593 2779 631 2832 est
646 2772 912 2855 irisilliricampcp).
983 2771 1024 2839 i(y
1032 2771 1129 2839 pisopi

111 2859 315 2970 rtttttti
333 2931 359 2984 9,
374 2843 682 2985 intuitui
692 2861 727 2983 i?
750 2841 1068 2968 mutitudinis
1087 2857 1130 2966 tt

109 2984 264 3055 herbump
282 2987 380 3054 (arepto
392 2991 423 3054 ρθ
441 3001 528 3056 genus
545 2985 715 3055 leguminis),
733 2984 753 3038 i.
771 2983 840 3038 h'bi'i
853 2999 885 3051 p.
957 2987 991 3037 16
1010 2981 1129 3038 herbum

108 3073 137 3128 p,
155 3057 209 3111 hei
225 3072 267 3126 cp.
373 3056 500 3111 rubrum:
525 3059 560 3124 of.
585 3055 648 3112 Gal.
671 3055 778 3122 XIII,
801 3057 858 3109 846
881 3047 992 3124 ὀρόβων
1015 3053 1129 3124 κιρρῶν.

109 3125 236 3182 infundis
254 3144 287 3198 pc
305 3126 401 3196 l-dos
418 3129 458 3196 p).
568 3133 600 3182 tt
618 3125 764 3182 torrefncio
781 3141 842 3197 pop.
951 3130 984 3179 18
1006 3125 1079 3180 Nam
1097 3143 1128 3196 p:

110 3198 189 3266 quod
209 3199 254 3268 (qr)
274 3215 296 3266 c,
316 3215 401 3266 quam
414 3215 445 3268 p.
519 3205 552 3255 19
572 3197 648 3268 chy(i
661 3196 826 3272 cp)romilon
840 3213 903 3268 pop.
974 3197 1053 3252 tenui
1075 3197 1127 3250 ori-

109 3267 221 3324 bellata
234 3268 361 3338 (cribello
375 3271 399 3338 c)
413 3268 530 3324 trnhicis
544 3269 651 3339 (troicis
665 3272 689 3338 c)
702 3285 747 3340 pc:
766 3267 907 3324 subtiliter
920 3267 1011 3323 oribus
1026 3267 1087 3338 (sic)
1096 3283 1128 3336 p.

110 3345 147 3394 20
163 3341 256 3398 oocl'r.
269 3341 292 3395 Ι.
311 3356 338 3406 c,
358 3339 467 3396 coelur,
485 3341 507 3394 Ι.
526 3359 553 3410 p.
642 3345 678 3396 22
697 3339 810 3395 additur
824 3382 830 3394 .
846 3383 852 3396 .
867 3381 873 3394 .
889 3340 983 3409 portas
1001 3337 1127 3408 singulas

111 3411 188 3478 (-lo
207 3413 231 3477 o)
249 3428 283 3481 pr
300 3411 472 3480 (adduntur.
488 3454 495 3468 .
511 3451 518 3465 .
532 3429 560 3481 p.
579 3410 690 3480 singule
703 3412 745 3480 p).
826 3409 916 3480 ysopi.
935 3412 965 3464 et
982 3407 1083 3479 illiiiop
1101 3425 1127 3476 p,

111 3486 153 3553 ipi
170 3489 184 3536 i
201 3483 302 3537 illirico
314 3499 336 3537 vc
353 3482 446 3552 (ysopi
467 3484 501 3537 et
513 3481 610 3552 prisill’
624 3483 668 3551 p).
764 3487 798 3534 23
817 3481 900 3534 datur
917 3495 961 3548 pc:
980 3478 1083 3532 dantur
1096 3493 1128 3542 p.
