2588 4028
567 257 610 271 .-
656 223 699 293 94
745 257 786 268 ...

170 373 251 432 riosi.
287 388 356 432 nam
379 377 410 430 et
436 371 560 449 dyspnia
583 387 600 430 a
622 368 744 429 Graecis
767 367 877 429 dieitur
903 365 932 427 id
957 375 1004 428 est
1026 365 1183 432 dillicultas

168 460 388 540 respirationis,
411 465 442 519 et
464 456 622 538 orthopuia
644 457 731 518 ahter
753 456 876 531 dicitur,
908 459 933 518 si
956 456 1079 536 quidem
1101 468 1183 520 recto

169 548 318 611 schemate
341 549 473 608 iacentes
491 546 702 628 praelucentur
720 548 841 625 aegroti.
879 554 909 608 et
928 553 976 606 est
996 547 1097 625 passio
1116 564 1182 610 reu·

169 639 323 698 matismus
351 635 388 696 ab
416 637 525 697 arteria
553 635 686 696 detinens
714 637 745 694 in
768 634 953 716 pulmonem,
980 633 1060 696 uude
1086 635 1183 698 oubno

141 727 204 787 sad
237 725 435 806 digestionem
467 723 602 785 ciborum
634 722 803 784 laborantes
840 725 952 802 grauati
983 722 1121 785 malliunt
1152 735 1186 786 ut

168 817 257 878 etiarn
280 816 371 875 nimia
400 813 530 874 thoracis
558 813 752 892 oppressione
776 811 916 890 trigidum
940 829 1041 871 aerem
1063 811 1183 876 haurire
1274 839 1275 902 1

168 905 297 984 cupiant.
341 909 372 963 et
394 903 428 963 lit
450 901 496 962 rel
519 903 652 962 nascitur
674 919 710 960 ex
734 900 922 961 antecedenti
944 900 1094 979 protunda
1117 920 1183 982 per-
1274 911 1275 980 j

168 994 306 1054 frictione
326 999 357 1052 et
371 1009 407 1051 ex
426 991 519 1051 multo
539 989 605 1050 cibo
625 996 748 1069 accepto
767 998 798 1050 et
815 988 1013 1068 indigestione
1034 989 1184 1070 frequenti
1274 989 1275 1012 ¹

168 1090 198 1142 ct
220 1079 349 1160 plurimo
374 1078 543 1140 concubitu.

128 1183 154 1221 10
258 1169 420 1229 curationis
451 1175 586 1247 tempore
619 1169 645 1228 si
682 1165 802 1246 mandis
833 1167 962 1246 impetus
995 1167 1088 1228 luerit
1119 1186 1183 1248 pas·
1274 1151 1275 1162 ἵ

168 1260 260 1318 sionis
290 1265 320 1318 et
347 1256 545 1336 plethorionm
575 1273 686 1335 corpus
714 1263 853 1334 aegrotus
882 1255 1047 1318 ostenderit
1079 1256 1109 1316 id
1139 1267 1185 1318 est

168 1345 357 1408 multitudine
381 1347 446 1406 suci
468 1345 604 1425 plenum,
627 1346 659 1404 in
681 1343 803 1404 brachio
826 1342 1039 1405 flebotomabis.
1083 1345 1136 1406 sed
1159 1349 1185 1406 si

167 1436 244 1496 lorte
268 1436 375 1496 virium
398 1432 586 1495 imbecillitas
609 1431 655 1492 vel
678 1433 782 1494 aetatis
811 1440 863 1494 aut
890 1435 1034 1512 temporis
1059 1433 1185 1512 qualitas

167 1522 319 1584 llebotomi
341 1539 429 1584 usum
452 1521 653 1603 prohibuerit,
683 1524 762 1582 inter
785 1521 919 1600 scapulas
943 1523 1023 1580 circa
1047 1522 1183 1602 spondyli

127 1626 153 1666 rs
167 1611 265 1672 locum
298 1611 452 1672 scarilabis
484 1620 514 1672 et
544 1629 599 1690 per
631 1609 804 1672 cucurbitae
838 1616 958 1688 raptum
985 1609 1185 1671 sufficientem

168 1703 342 1780 sanguinem
374 1699 520 1762 detrahes.
567 1707 598 1760 et
631 1701 657 1760 si
688 1718 725 1761 ex
757 1699 848 1758 nimio
881 1697 991 1776 frigore
1024 1701 1187 1778 contigerit

166 1791 273 1850 hiemis
296 1799 431 1869 tempore
454 1789 596 1868 iaciente,
620 1787 738 1848 saeculo
757 1786 898 1847 calefacto
917 1803 954 1846 ex
978 1789 1071 1848 tritici
1090 1787 1186 1848 farina

167 1887 197 1938 et
234 1880 297 1938 ervi
328 1880 359 1938 in
391 1877 565 1937 decoctione
599 1874 743 1936 marrubii
779 1883 921 1936 concocta
957 1873 1185 1954 diligentissime

166 1965 322 2044 vaporabis
345 1966 425 2024 circa
448 1963 648 2044 stomachum,
676 1971 706 2024 et
734 1969 830 2023 totum
856 1971 962 2044 pectus
988 1963 1095 2025 subter
1117 1983 1185 2044 per-

87 2039 93 2057 ‘
127 2069 153 2108 eo
167 2071 283 2133 tongues
307 2051 465 2113 chalastico
489 2053 629 2132 superius
652 2053 682 2112 in
706 2053 843 2132 passione
866 2053 994 2113 tetanica
1017 2061 1184 2114 memorato

166 2145 289 2223 cyprino
313 2141 378 2202 olco
401 2138 547 2222 resoluto,
571 2148 693 2220 etpost
716 2141 936 2219 vaporationem
963 2140 1040 2202 lanis
1064 2142 1186 2202 mundis

166 2233 284 2312 operies
309 2238 338 2292 et
362 2228 506 2296 lasciahis.

255 2320 448 2381 electuarium
477 2318 525 2378 dia
552 2327 584 2379 tu
614 2317 692 2378 silliu
720 2335 736 2378 a
760 2316 880 2378 Graecis
909 2317 1089 2396 appellatum
1117 2319 1186 2399 dys-

165 2410 281 2487 pnoicis
310 2409 498 2468 conveniens.
541 2407 649 2486 recipit
672 2413 771 2466 autem
790 2404 913 2484 squillae
932 2406 1023 2466 medii
1045 2415 1075 2467 et
1098 2411 1188 2488 ysopi

126 2516 152 2555 ee
167 2509 201 2558 ἢν
224 2496 459 2577 binas‚'urtieae
484 2495 608 2555 seminis
630 2501 660 2555 et
682 2493 753 2574 polii
773 2486 876 2554 cretici
895 2509 929 2555 ÷
952 2495 1092 2577 singulas,
1116 2495 1187 2556 silfii

238 2637 251 2684 1
272 2629 384 2701 dipsnie
401 2631 462 2698 (sic)
480 2647 526 2702 gc,
546 2629 637 2685 disnia
651 2645 681 2699 p.
771 2628 801 2683 id
821 2631 876 2684 est:
896 2632 925 2684 .Ι.
944 2646 991 2700 pe,
1010 2629 1028 2683 i.
1043 2646 1074 2698 p.
1169 2637 1186 2684 2

165 2701 296 2773 ortopnie
313 2718 345 2771 p,
364 2701 473 2756 ortonia
492 2717 519 2770 c,
544 2704 637 2756 ortoia
655 2699 800 2770 (-tornia)
815 2717 845 2769 p.
920 2707 935 2755 3
955 2699 1136 2771 prosecentur
1154 2717 1186 2771 p:

164 2775 299 2828 -cautur
312 2789 354 2842 cp.
427 2772 624 2828 reumatismus
637 2788 678 2843 pc,
698 2787 778 2826 —mo
789 2788 819 2840 p.
893 2779 908 2826 5
924 2771 1065 2841 gravatim
1083 2771 1187 2826 elfiunt

164 2846 225 2915 (aie)
239 2861 264 2916 p.
334 2843 566 2915 tperfrigntione
576 2859 606 2912 p.
677 2849 707 2897 11
720 2841 947 2913 plectoricumep
961 2847 987 2896 et
1000 2847 1186 2913 antecoenp.

166 2922 199 2970 14
218 2916 340 2986 spondili
358 2932 384 2986 g,-
404 2917 478 2971 -lie
496 2933 519 2982 c,
539 2915 677 2970 —liorum
691 2931 721 2984 p.
795 2919 829 2968 tc
847 2913 1017 2969 sacrificabis
1032 2930 1073 2982 cp.
1152 2921 1185 2969 17

164 2987 259 3042 seculo
281 3005 302 3042 e.
376 2992 409 3041 18
425 2987 505 3043 berbi
518 2988 547 3044 in
564 2987 591 3041 d.
605 3003 642 3056 gp
656 2984 818 3054 (herborum
835 2983 999 3040 decoctione
1014 2986 1049 3055 c).
1123 3001 1187 3040 ma·

163 3057 237 3112 rubii
251 3075 281 3126 p.
356 3061 489 3113 concocta
506 3076 536 3128 pr
558 3057 676 3114 decocta
694 3073 721 3123 c,
747 3073 762 3120 z
781 3058 861 3112 coctu
874 3073 904 3126 p.
989 3063 1023 3112 te
1042 3057 1142 3112 subtus
1163 3074 1187 3113 c.

165 3133 200 3181 20
216 3127 349 3182 celestino
368 3143 454 3198 pep-
501 3129 719 3182 commemorato
738 3143 760 3182 c.
833 3133 866 3181 at
887 3127 996 3196 ciprino
1013 3145 1074 3199 pop.
1149 3134 1186 3182 22

165 3197 256 3266 operis
279 3213 338 3267 pop.
411 3197 702 3265 autumnatione,
726 3197 890 3254 elucterium
905 3215 936 3268 p.
1027 3197 1188 3252 dietusilfir‘r

164 3269 277 3337 (-fium
290 3270 316 3337 c)
329 3283 389 3337 pop.
459 3275 494 3322 24
507 3270 533 3334 lt
548 3271 607 3337 (orn.
622 3271 728 3337 autem)
739 3285 780 3338 cp.
849 3269 973 3324 medium
986 3285 1020 3337 pe
1033 3268 1131 3335 (medii
1141 3273 1187 3337 p).

162 3356 282 3408 ysopum
304 3355 323 3410 p
349 3337 426 3408 (-pi
449 3340 502 3407 epla
610 3345 644 3393 tt
668 3342 702 3392 ’ἑ
726 3339 762 3409 (²,-
786 3341 811 3409 e)
840 3339 921 3396 binae
948 3356 993 3410 gc:
1026 3343 1071 3393 ab.
1098 3344 1124 3402 3.
1149 3341 1187 3392 Π.

164 3427 258 3466 semen
271 3426 311 3480 pc.
380 3409 487 3480 polium
502 3410 636 3466 creticum
650 3427 668 3481 g
682 3411 763 3482 (polii
777 3411 873 3466 cretici
887 3412 939 3480 op).
1003 3429 1024 3464 s.
1039 3425 1136 3466 semen
1151 3426 1188 3480 go

163 3483 239 3550 (boec
256 3483 297 3536 sic
315 3482 390 3536 dedit
403 3499 437 3552 p:
462 3481 552 3537 urtice
579 3481 692 3539 seminis
714 3482 785 3553 polii
808 3481 873 3537 sillli
897 3479 1010 3536 seminis
1030 3486 1074 3536 ari.
1094 3481 1186 3549 -;·1.).
