2588 4028
571 237 812 302 -134-

271 380 358 442 aliud.
412 381 447 442 ad
482 381 579 442 colum
612 390 643 442 ct
674 381 835 442 ischuriam
871 379 900 440 id
934 387 980 440 est
1011 381 1115 440 urinae
1150 380 1200 440 ab·

182 471 354 531 stinentiam
378 478 408 532 et
435 469 470 530 ad
500 470 627 531 strofum
656 469 685 530 id
714 478 760 530 est
787 476 900 530 tortum
927 471 1048 530 ventris.
1089 471 1202 548 cymini

182 558 336 619 torrefacti
368 567 398 619 et
421 558 489 620 salis
511 557 534 628 ᾖ
557 557 704 640 singulos,
731 559 843 638 piperis
870 574 961 636 grana
984 555 1073 616 XXX.
1115 556 1202 618 dabis

183 655 280 708 totum
307 645 411 708 hibere
436 666 504 708 cum
527 665 620 726 aquae
648 645 764 726 tepidae
793 645 953 707 sufficienti
975 645 1072 706 modo.
1110 648 1201 706 etiarn

156 743 214 796 aet
242 735 394 798 conditum
418 736 596 797 nefreticum
624 735 798 814 frequenter
821 734 884 794 dari
913 741 1045 814 oportet,
1072 736 1200 794 maxime

183 826 209 884 si
232 827 296 886 sine
320 824 403 886 febre
427 825 526 886 fuerit.

272 913 359 974 aliud.
402 912 438 974 ad
471 913 663 974 inflationem.
704 912 845 992 epithima
872 911 918 972 dia
949 918 1120 992 spermaton
1150 921 1201 972 aut

183 1001 231 1062 dia
250 1021 389 1062 samsucu
410 1004 550 1081 superius
573 1002 608 1062 ad
627 1000 809 1062 inflationem
828 999 972 1062 stomachi
996 1001 1199 1080 conscriptum

183 1108 322 1169 appones.
1204 1101 1211 1114 ·

144 1191 170 1230 1⁰
273 1177 361 1240 aliud.
404 1178 440 1240 ad
469 1178 575 1239 colum.
617 1178 706 1239 alium
736 1180 848 1238 siccum
877 1195 945 1238 cum
972 1177 1090 1238 modico
1113 1175 1200 1238 melle

183 1268 286 1348 pipere
311 1276 341 1328 et
364 1267 514 1328 coriandri
538 1267 616 1328 foliis
639 1269 801 1328 contritum
824 1265 923 1327 addito
946 1265 1107 1345 liquamine
1131 1285 1200 1326 curn

183 1355 248 1416 oleo
276 1375 383 1436 spano,
411 1365 463 1416 aut
485 1373 554 1418 cum
581 1359 647 1416 iure
674 1355 802 1436 pullino,
826 1373 885 1416 non
909 1354 974 1414 oleo
1003 1354 1054 1415 sed
1080 1354 1199 1415 condito

184 1447 358 1527 commixto,
386 1443 562 1504 mirabiliter
590 1445 692 1505 coticis
719 1443 885 1506 auxiliatur.
927 1451 977 1504 aut
1000 1451 1083 1504 certe
1106 1445 1200 1523 ipsius

184 1531 232 1592 alii
262 1535 358 1613 spicas
385 1541 526 1614 purgatas
555 1535 701 1615 integras,
729 1535 754 1593 si
782 1531 956 1611 grandiores
980 1548 1105 1592 numero
1130 1539 1201 1612 tres,

144 1633 170 1674 1⁵
185 1623 210 1681 si
246 1624 375 1683 minutas
407 1621 431 1680 V
463 1630 515 1682 aut
546 1621 610 1703 vit,
646 1623 817 1702 vespertino
850 1628 984 1699 tempore
1018 1627 1200 1681 transvoret:

184 1728 301 1772 omnem
325 1713 533 1772 ventositatem
557 1729 625 1772 cum
649 1711 814 1789 flegmatico
837 1709 963 1770 humore
986 1707 1115 1770 deducit.

273 1802 298 1860 si
330 1817 401 1860 vero
433 1799 549 1860 iliacam
581 1801 750 1878 passionem
784 1799 876 1876 signis
909 1815 999 1877 supra
1028 1799 1201 1858 memoratis

120 1963 122 1968 Ι
184 1890 352 1968 agnoveris,
393 1887 548 1966 praedicto
589 1888 736 1966 passionis
771 1885 919 1966 periculo,
957 1884 1202 1965 permittentibus

185 1974 312 2056 viribus,
336 1983 403 2036 ante
428 1992 516 2053 quam
540 1975 576 2034 ad
600 1982 767 2035 stercorum
791 1976 934 2035 vomitum
956 1975 1145 2055 perveniant,
1170 1976 1200 2034 in

144 2075 170 2116 ao
184 2061 305 2123 brachio
342 2081 447 2124 venam
485 2081 584 2124 cavam
617 2062 744 2124 mediam
776 2061 989 2124 flebotomabis.
1040 2063 1065 2124 si
1101 2071 1203 2148 tamen

185 2152 321 2214 nimietas
349 2151 461 2212 doloris
490 2155 635 2233 coegerit,
663 2153 751 2212 etiam
779 2159 810 2211 et
838 2149 1080 2231 vaporationibus
1103 2160 1135 2211 et
1157 2153 1203 2212 in·

184 2241 362 2302 lectionibus
395 2259 485 2322 supra
521 2243 692 2302 memoratis
724 2242 769 2300 uti
807 2247 933 2320 oportet.
979 2237 1031 2300 sed
1064 2241 1091 2299 si
1124 2240 1203 2300 forte

185 2331 275 2391 nimia
306 2332 518 2391 intestinorum
550 2329 693 2390 verticula
727 2331 787 2388 sive
826 2327 1008 2389 involutione
1046 2336 1203 2407 acceptum
1282 2341 1283 2346 ’

259 2523 273 2570 1
292 2517 440 2572 isauriam:
460 2517 528 2587 dis(s
541 2517 657 2586 c)uriam
676 2534 718 2586 cp.
790 2523 806 2572 2
826 2517 862 2572 ad
884 2517 1025 2572 soorofum
1043 2515 1080 2570 ad
1098 2517 1161 2571 toro
1182 2535 1204 2585 c,

186 2587 352 2642 adstrictum
370 2589 389 2642 i.
408 2589 514 2642 tortum
527 2605 559 2658 p.
632 2588 824 2658 33singulns
838 2605 860 2642 e.
933 2587 1074 2642 thibere:
1092 2587 1166 2642 libre
1181 2605 1204 2652 c,

185 2674 273 2728 erup
293 2662 336 2726 (ot
355 2660 436 2713 δίδου
455 2660 550 2712 πίνειν
569 2659 653 2726 Gai).
726 2675 801 2728 aqua
823 2657 920 2728 tepida
938 2675 980 2727 cp.
1053 2658 1205 2714 sufficienti

185 2729 270 2784 modo
289 2746 324 2800 p:
349 2729 533 2786 sufficientem
557 2729 672 2784 modum
697 2746 719 2784 c.
810 2729 896 2784 etiam
916 2745 967 2784 om.
987 2745 1009 2784 c.
1101 2734 1204 2784 oneu-

185 2801 287 2857 fraticu
307 2818 334 2870 c,
358 2801 475 2857 nefretid
487 2817 522 2902 p.
595 2799 717 2856 maxime
736 2799 761 2854 si
778 2815 804 2854 c:
829 2799 855 2854 ei
877 2799 999 2854 mammo
1017 2799 1067 2870 qui
1082 2817 1113 2870 p.
1188 2807 1204 2856 6

185 2908 263 2964 febre
282 2925 305 2978 o,
325 2909 404 2964 -bri
425 2907 515 2979 (-b3)
529 2923 561 2976 12.
634 2913 650 2960 'l
670 2905 819 2976 epithimia
836 2923 865 2973 c,
884 2904 990 2990 epith'a
1003 2922 1034 2976 p.
1054 2975 1060 2989 ⁶
1108 2911 1126 2960 8
1145 2906 1204 2960 dia-

186 2996 387 3120 {titulun
405 2997 473 3120 2⁰⁰
487 2977 749 3118 ‘'aaufflim
768 2994 816 3101 Ὦ
835 2977 1111 3117 cultasti?
1131 2980 1205 3103 (ap

187 3136 336 3218 ceminopo,
355 3139 468 3193 modica
485 3131 619 3210 alidmine
638 3155 660 3192 c.
734 3153 797 3190 cum
812 3142 860 3206 ρος
884 3138 913 3190 et
926 3151 968 3205 op.
1041 3141 1075 3190 ta
1094 3135 1205 3219 pullino

182 3224 216 3276 p:
236 3207 342 3276 polline
361 3227 384 3264 e.
472 3216 503 3264 13
524 3211 676 3265 commesto
694 3225 721 3276 c,
741 3210 894 3262 comestum
909 3224 940 3277 p.
1024 3211 1057 3260 14
1075 3207 1145 3261 aller
1163 3223 1204 3276 op.

187 3283 243 3332 niro
266 3279 323 3333 tres
343 3296 369 3334 c:
393 3279 441 3334 III.
456 3298 487 3350 p.
579 3284 611 3333 15
636 3279 661 3334 si
677 3279 800 3334 minutas
819 3295 846 3333 c:
869 3279 977 3333 minute
991 3293 1022 3347 p.
1067 3346 1073 3359 ι
1113 3279 1206 3332 trans·

109 3406 112 3412 ,
189 3350 283 3403 vorate
302 3366 324 3406 c.
430 3357 463 3406 ta
482 3348 597 3406 deducit
614 3367 641 3418 o,
661 3351 764 3404 -ount
782 3351 832 3419 (ot)
845 3367 877 3418 p.
983 3354 1015 3402 17
1034 3347 1158 3417 ylracam
1172 3365 1205 3417 p,

186 3418 293 3501 illicem
311 3437 333 3476 c.
415 3427 450 3477 20
468 3437 540 3476 vena
558 3438 628 3476 cava
646 3420 739 3476 media
753 3437 788 3490 p,
811 3437 912 3476 venam
930 3419 1052 3474 mediam
1071 3434 1093 3473 c.
1169 3425 1205 3472 21

187 3492 272 3544 otram
292 3508 341 3549 orn.
362 3495 434 3562 c(et
452 3494 517 3548 odd.
532 3493 588 3562 ρο).
660 3491 888 3548 iniectotionibus
907 3507 928 3546 c.
