2588 4028
504 231 743 296 -153-

8 421 9 430 ,
118 381 149 433 et
168 375 309 434 continuo
328 375 454 439 sudabit.
493 384 523 438 et
541 378 567 438 si
585 377 663 438 iorte
683 379 748 438 sitis
766 379 857 440 nimia
879 397 931 439 eos
954 379 1135 461 astrinxerit,

118 461 263 522 rodomeli
286 480 379 542 aquae
404 464 517 525 calidae
540 465 703 526 admixtum
727 468 811 546 potui
834 465 925 528 dabis.

207 549 286 611 aliud
319 551 355 612 ad
383 552 592 633 repulsandam
625 555 719 635 sitim,
752 555 832 633 quod
864 555 987 634 adipson
1019 563 1133 617 vocant

117 655 204 720 myrra
228 657 303 719 aqua
326 639 466 702 infundes
490 649 520 702 et
543 643 637 722 ipsam
660 643 842 703 infusionem
865 641 948 704 dabis
970 649 1005 704 ut
1027 645 1057 704 in
1081 661 1133 704 ore

117 729 292 788 contineant
315 728 496 808 frequenter.
1147 751 1161 790 s

210 813 296 876 aliud.
342 815 395 877 lini
427 819 549 880 seminis
581 837 672 881 sucus
705 817 858 880 collationi
891 823 952 880 oris
984 818 1133 881 adhibitus

117 905 181 965 slve
204 911 409 966 transvoratus
432 907 512 968 sitim
535 909 657 988 mitigat.

208 991 297 1053 aliud.
334 993 392 1056 olei
410 999 525 1057 rosacei
543 997 698 1058 dimidium
719 996 898 1058 coclearium
917 1005 948 1058 et
968 999 1015 1057 ori
1034 995 1134 1057 album

116 1091 148 1143 et
184 1089 275 1144 tenue
314 1082 402 1142 simili
439 1087 602 1164 quantitate
639 1084 845 1146 commiscebis
882 1093 913 1146 et
952 1083 1132 1147 sorbendum

116 1169 209 1232 dabis
1117 1197 1121 1204 ·
1147 1195 1175 1233 so

207 1257 286 1320 aliud
322 1259 400 1338 quod
435 1261 600 1342 appellatur
631 1281 648 1322 a
677 1261 798 1323 Graecis
828 1262 988 1343 oenomeli‚
1021 1263 1132 1324 iaciens

117 1347 153 1408 ad
177 1349 298 1409 nimiam
321 1349 401 1408 sitim
425 1358 455 1410 et
477 1349 626 1412 servorem
650 1350 896 1454 extinguendum,
923 1358 954 1411 et
976 1349 1133 1412 coniicitur

117 1439 168 1498 sio.
215 1436 313 1497 mellis
345 1438 449 1516 optimi
480 1447 596 1518 partem
627 1439 640 1498 l
668 1445 698 1499 et
730 1441 791 1499 vini
822 1447 923 1518 partes
951 1435 1017 1497 ll
1008 1455 1040 1498 ιιι
1072 1455 1132 1499 uno

118 1523 325 1586 commiscehis
356 1531 386 1585 et
414 1543 555 1610 repones,
588 1525 695 1587 dehinc
722 1536 878 1614 tempore
890 1526 1051 1588 caniculari
1078 1525 1133 1587 soli

118 1613 202 1674 dabis
225 1612 330 1674 diebus
354 1611 419 1693 XL,
443 1623 473 1676 et
496 1617 599 1676 uteris.
1147 1633 1174 1674 ιιι

207 1701 295 1763 aliud.
344 1699 380 1762 ad
412 1699 531 1782 linguae
562 1705 762 1784 asperitatem.
808 1701 873 1762 oleo
905 1719 1028 1762 rosaceo
1061 1717 1132 1762 suco

117 1792 241 1852 seminis
263 1790 317 1850 lini
340 1787 469 1852 admixto
492 1791 668 1872 frequenter
692 1791 728 1851 de
751 1793 849 1872 penus
871 1798 983 1870 tanges.

207 1877 294 1940 alind.
331 1877 367 1938 ad
387 1897 507 1942 causon.
544 1889 701 1962 postquam
719 1881 826 1962 pepsin
845 1879 951 1941 lecerit
969 1877 1133 1958 aegritudo,

117 1967 165 2028 die
196 1969 299 2028 critica
327 1975 443 2048 captato
478 1977 612 2050 tempore
646 1971 829 2030 imminentis
861 1969 1056 2030 discussionis
1087 1986 1131 2028 se·

117 2055 249 2117 cundum
273 2063 399 2117 aetatem
423 2065 454 2118 et
475 2060 555 2119 vires
573 2065 604 2118 et
621 2076 728 2118 causae
747 2057 980 2137 magnitudinem
1004 2065 1035 2116 et
1057 2064 1131 2116 tem·
1147 2075 1174 2115 oo

116 2147 200 2225 poris
232 2153 263 2204 et
290 2145 421 2222 regionis
453 2146 639 2226 qualitatem,
670 2146 807 2224 frigidam
843 2147 931 2205 nimis
959 2159 1064 2222 aquam
1096 2141 1132 2202 ad

4 2249 5 2274 ³
118 2235 285 2294 satietatem
308 2231 467 2293 bibendam
490 2233 588 2314 dabis,
611 2242 642 2294 et
665 2232 790 2292 sanabis.

191 2515 204 2562 1
220 2507 309 2563 nimia
322 2507 424 2578 sitisp.
498 2507 719 2578 a(st'n?)xerisc,
737 2507 864 2565 affecerit
871 2525 902 2578 p.
975 2514 991 2563 2
1006 2509 1133 2564 rodomel

116 2599 225 2666 (eic)e·
249 2613 299 2652 om.
314 2611 344 2667 p.
454 2603 528 2667 aqua
550 2596 672 2653 calidam
690 2595 890 2666 admixtum,
916 2613 951 2668 aq
970 2604 1004 2653 cd
1021 2587 1131 2682 mixip.

118 2676 203 2738 drop
204 2668 401 2724 ausandumc.
509 2668 572 2723 ad'
563 2685 691 2739 rpsonc:
715 2667 875 2739 adrpdtop.
984 2669 1134 2738 4mixap

117 2739 218 2808 (mixas
228 2741 283 2808 ρο),
301 2739 427 2797 mitae
459 2741 494 2807 cf.
509 2740 596 2812 Gorg.
611 2741 760 2795 Martiales
777 2741 843 2796 ned
864 2757 893 2796 c.
906 2745 950 2796 59.
1023 2739 1133 2793 effusio·

116 2827 227 2880 nemp.
300 2810 494 2900 direqnenter
512 2813 719 2881 egrotanteop.
800 2809 859 2864 isi
877 2813 907 2864 ei
925 2808 972 2864 ovi
990 2807 1132 2862 albumine

118 2884 179 2950 (orta
197 2897 285 2936 ve—
306 2879 439 2950 coolr)c.
521 2881 690 2949 Salbomp
695 2879 863 2936 ainamma
882 2895 904 2935 e.
977 2877 1133 2934 eaimilem

118 2951 305 3034 quantitatem
318 2966 361 3033 op.
424 2951 623 3017 commiscese,
638 2967 719 3006 -ces
728 2967 759 3019 p.
827 2947 1000 3018 sorbend'p
1015 2947 1132 3030 potuis.

119 3029 151 3077 11
175 3021 373 3106 siopomelitos
395 3038 429 3092 cp
451 3023 498 3089 (cf.
516 3022 611 3076 Dioso.
636 3024 665 3088 5,
688 3026 745 3088 16).
854 3025 888 3076 13
906 3019 963 3075 mel
981 3018 1132 3090 opimae.

118 3093 241 3150 etvini.
268 3091 407 3162 nimidp,
434 3091 514 3147 ininfr
536 3090 746 3161 (oelminuic.
840 3089 871 3145 in
892 3107 948 3148 uno
972 3091 1134 3174 commisces

117 3181 159 3235 op.
237 3171 285 3219 to
309 3165 402 3219 oleum
427 3179 571 3220 rosaceum
597 3165 648 3232 (ro.
666 3165 700 3232 p)
728 3163 777 3218 sue
797 3162 869 3232 (suoi
891 3165 915 3232 c)
939 3159 1053 3220 sem'mis
1081 3162 1134 3218 lini

119 3251 820 3336 aidimixiu(-tp)ep.1tdeo:.oamp
929 3251 1132 3322 taadommp

118 3323 240 3394 pesino.
314 3328 348 3378 19
363 3323 496 3378 creticoc
515 3326 594 3392 (-oa
607 3325 649 3392 p).
722 3325 877 3393 captatae.
896 3326 1013 3393 capraio
1031 3323 1092 3394 (sa'c)
1101 3341 1132 3393 p

118 3417 153 3466 aa
178 3412 216 3468 ad
238 3411 453 3468 societatemn.
479 3410 515 3465 ad
539 3409 654 3494 faciep
677 3412 723 3478 (in
746 3427 833 3482 mern.
859 3412 895 3466 ad
925 3393 996 3467 isola
1018 3414 1058 3468 sia
1078 3429 1099 3480 p
1099 3415 1133 3480 ⁰.)

118 3483 272 3538 bibendam
290 3481 371 3537 dabis
385 3498 418 3552 p:
439 3481 563 3536 dandum
581 3480 733 3537 bibendum
753 3482 833 3538 dabis
851 3498 873 3536 e.
