2588 4028
381 205 727 290 ,-sr-

108 349 234 430 qnando
252 350 419 412 secundum
437 350 665 430 osculationem,
689 367 777 429 quam
795 350 899 414 Gracci
922 354 1122 414 anastomosin

104 449 225 521 vocant,
249 439 398 518 siquidem
421 439 624 518 perforatione
647 439 724 500 lacta
747 439 837 500 voluti
859 459 895 502 aa
918 441 1032 502 oridoio
1055 459 1122 502 san·

104 530 230 608 guinem
263 530 413 608 emittant,
450 527 607 605 aliquando
644 527 810 589 secundum
845 529 1043 608 putredinem.
1093 538 1124 590 et

104 618 257 696 contingat
278 615 469 695 frequentius
491 633 528 676 ex
554 633 700 696 percussu
723 625 775 678 aut
797 618 888 678 nimia
910 618 1122 680 exclamatione

104 714 161 766 aut
197 706 327 784 ingentis
360 703 524 766 altitudinis
555 723 626 767 oasa
658 713 709 766 ant
744 704 929 768 ulceratione
965 707 1041 768 iacta
1072 715 1150 770 aute

105 793 298 873 colligatione
317 795 448 872 gutturis
465 792 609 855 violenter
627 795 742 873 ingesta
760 803 812 855 aut
830 796 920 856 nimia
938 794 1122 875 plenitudiue

102 899 271 961 smagrunrs.

198 971 362 1031 curationis
389 987 458 1030 vero
486 979 619 1051 tenpore
643 974 669 1034 si
691 989 728 1032 cx
756 971 942 1052 plenitudine
969 973 1122 1052 sanguinis

105 1077 181 1120 vana
212 1059 303 1119 fuerit
324 1066 426 1138 rupta,
454 1069 485 1121 ot
506 1063 572 1139 ipsc
593 1063 645 1139 qui
668 1063 781 1141 patitur
804 1069 939 1124 satarram
962 1063 1025 1122 siro
1048 1070 1121 1122 tem·

104 1149 272 1227 parantiam
291 1149 441 1228 corporis,
464 1165 552 1228 00001
571 1148 677 1210 Graeci
695 1151 794 1210 omnin
813 1149 973 1232 appellant,
997 1149 1121 1212 calidam
1136 1167 1163 1206 ιο

19 1311 20 1318 ¹
105 1235 254 1316 babuerit,
278 1253 366 1314 0000]
389 1235 545 1298 Galenus
567 1237 652 1299 libris
673 1240 882 1318 peritonaeon
904 1239 1067 1318 appellatis,
1089 1241 1122 1300 in

105 1324 217 1403 quibus
236 1323 273 1384 dc
296 1327 490 1403 temperantia
509 1329 644 1406 corporis
662 1325 780 1408 scribit,
803 1327 860 1388 boc
879 1326 967 1388 modo
989 1327 1123 1406 intellegi

104 1412 219 1474 docuit
260 1415 301 1474 ait
328 1415 408 1474 enim
435 1431 472 1473 ex
499 1413 688 1494 Hippocratis
715 1418 863 1477 sententia
891 1433 1017 1496 corpora
1045 1433 1121 1495 quae

104 1503 251 1563 vastiores
273 1519 364 1562 venas
391 1500 551 1562 habuerim
572 1501 721 1562 calidioris
742 1521 810 1564 esse
833 1512 956 1565 naturae
984 1514 1015 1566 et
1045 1521 1121 1583 quae

105 1592 295 1670 angustiores
327 1588 499 1668 frigidioris.
550 1607 621 1669 ergo
658 1589 785 1652 calidum
821 1609 931 1670 corpus
968 1595 993 1652 si
1030 1593 1122 1670 signis
1137 1605 1164 1645 1⁵

105 1697 198 1760 supra
222 1680 394 1740 memoratis
417 1686 556 1758 aegrotus
584 1677 762 1753 ostenderit,
792 1681 823 1739 in
851 1679 972 1740 brachio
999 1677 1121 1740 fleboto-

106 1767 234 1828 mandus
261 1768 328 1828 orit
370 1768 414 1827 sio
442 1769 522 1828 enim
549 1769 661 1847 poterit
688 1785 762 1828 vena
785 1770 973 1829 extrinsecus
995 1768 1123 1830 relevata

106 1855 248 1917 adhibitis
290 1853 462 1935 potionibus
503 1856 647 1918 collaticia
690 1858 872 1918 intrinsecus
916 1856 1123 1937 conglutinari.

105 1943 317 2025 apponendum
345 1946 432 2006 etiam
460 1953 491 2006 et
517 1944 564 2006 dia
591 1948 672 2007 iteon
701 1945 893 2026 emplastrum
921 1954 973 2008 aut
1002 1947 1121 2008 ilnicinc

107 2033 234 2095 Galoni
262 2050 350 2112 qnam
377 2033 425 2094 dia
448 2033 606 2095 chalciteos
634 2034 721 2114 dicit,
748 2044 798 2096 aut
822 2043 903 2096 certe
933 2035 982 2096 illa
1005 2054 1081 2115 quae
1106 2049 1164 2097 aaa

106 2122 230 2183 Graecis
248 2120 408 2182 ebarbaros
428 2121 592 2200 appellatur
615 2125 647 2182 in
670 2121 784 2183 duabus
803 2122 891 2183 alutis
910 2122 1040 2203 inducta,
1063 2141 1122 2184 una

106 2213 138 2272 in
166 2218 290 2290 ¹pectore
314 2218 345 2270 et
371 2209 514 2270 lateribus
538 2219 569 2272 et
598 2209 690 2270 altera
713 2228 729 2270 a
758 2219 843 2288 tergo
871 2211 950 2270 inter
978 2210 1123 2290 scapulas,

106 2298 188 2379 quod
208 2299 393 2360 metairenon
417 2298 529 2359 dicunt.
564 2296 673 2358 debinc
692 2298 886 2358 relectionem
909 2296 993 2360 dabis
1015 2316 1123 2378 panem

106 2405 198 2469 posco
221 2385 327 2466 frigida
349 2386 489 2447 inlusum.
536 2394 588 2448 aut
610 2405 728 2466 oryzam
752 2386 887 2448 elixatam
913 2403 980 2450 cum
1005 2387 1122 2449 modico

181 2530 194 2576 1
211 2521 413 2577 osculationem
427 2537 457 2590 p:
472 2521 694 2578 obsculalionem
703 2540 735 2592 p,
748 2523 950 2578 ulceratiooam
964 2540 985 2581 0.
1055 2540 1121 2579 ena·

106 2592 243 2648 stamesin
260 2609 320 2662 pap.
411 2595 477 2648 aee
494 2593 635 2664 contingit
651 2598 699 2650 etc.
732 2594 768 2661 cf.
782 2593 845 2649 Gal.
870 2593 944 2661 VII,
962 2600 1031 2651 232.
1104 2601 1122 2649 4

106 2681 240 2734 percussu
257 2679 303 2733 aa:
322 2680 423 2718 -snra
435 2681 466 2734 p.
576 2669 609 2719 11
628 2665 768 2736 gellianus
789 2681 820 2735 9,
843 2665 974 2736 galienus
990 2683 1024 2736 cp
1046 2667 1124 2732 (item

106 2751 171 2791 oron
190 2751 215 2790 0.
233 2738 294 2803 20).
395 2742 427 2790 13
446 2734 488 2790 aii
504 2751 541 2792 ac.
559 2741 578 2792 t.
598 2737 630 2802 I,
649 2741 705 2793 605
723 2735 801 2806 Lina.
900 2736 1044 2806 ypocratis
1061 2753 1122 2805 pop.

108 2812 143 2861 14
162 2804 311 2862 calidiores
330 2822 354 2862 0.
373 2807 480 2862 naturae
497 2824 515 2877 q
533 2806 686 2876 (calidioris
705 2824 729 2862 0.
748 2809 847 2862 aeluro
865 2810 906 2874 p).
999 2812 1032 2860 16
1050 2808 1075 2860 si
1091 2823 1122 2876 p:

106 2879 152 2933 bie
170 2894 221 2934 ooo.
241 2893 274 2946 op
294 2876 381 2947 (Ergo
402 2877 427 2932 si
445 2877 568 2948 calidum
586 2883 633 2932 etc.
648 2895 684 2946 p,
702 2877 777 2946 Ergo
797 2875 920 2931 calidum
993 2878 1124 2946 agrotum

107 2949 250 3004 0100001.
270 2950 304 3018 c).
405 2954 437 3004 17
457 2949 583 3004 relevata
601 2965 649 3018 epo
665 2949 713 3015 (of.
733 2947 796 3004 Gal.
818 2945 855 3016 X,
875 2949 938 3001 314.
956 2950 1020 3002 316.
1038 2951 1123 3017 batn:

106 3039 218 3109 replete
239 3053 299 3108 qap.
409 3041 441 3092 18
466 3034 630 3094 collecticiio
651 3052 684 3104 p,
708 3034 810 3090 —bivis
833 3051 859 3104 0,
881 3019 988 3106 -111ἷ“’
1007 3038 1068 3107 (aio)
1087 3046 1124 3108 p⁰

107 3112 137 3180 (ι’.
157 3110 393 3179 cancianorum).
433 3109 468 3175 cf.
487 3107 575 3176 infra.
686 3111 718 3161 ta
737 3106 882 3163 diaidheon
899 3123 919 3196 p
935 3108 1081 3178 (diaiheon
1099 3128 1122 3180 0,

107 3181 270 3237 diaobitcon
283 3197 325 3250 p.
432 3179 590 3253 balconem)
609 3180 683 3248 90³),
706 3177 832 3234 loniocne
854 3195 868 3233 o
891 3180 938 3250 (ην
961 3182 1124 3251 petrosim

108 3248 285 3323 ὄνομάζωθ
315 3251 450 3318 .XIII‚
469 3255 532 3306 375.
564 3251 600 3317 of.
617 3251 660 3318 X,
674 3251 750 3320 105).
850 3256 885 3305 20
904 3251 952 3306 dia
971 3251 1124 3308 caloliheos

106 3341 124 3394 p
139 3325 248 3394 (-beos
258 3339 289 3394 p,
308 3321 462 3378 diacbitaos
477 3324 510 3390 0).
582 3327 616 3375 nt
632 3321 781 3377 eberbaroa
796 3338 822 3392 9,
842 3321 991 3378 eberbores
1005 3337 1028 3392 0,
1042 3337 1058 3387 z
1073 3323 1123 3390 (ci)

107 3395 241 3451 barbaros
262 3411 285 3462 p
311 3388 342 3464 (ἡ
369 3389 511 3466 βάρβαρος
532 3408 556 3446 0.
581 3391 644 3448 Gal.
675 3393 781 3461 XIII,
810 3397 863 3449 551
891 3396 966 3462 tad-l·
1088 3395 1124 3444 23

106 3482 194 3536 quam
211 3466 295 3536 9(op).
368 3470 402 3520 24
420 3464 523 3520 orizam
541 3462 659 3520 lixaiem
678 3465 740 3533 (sic)
758 3481 783 3534 p.
1085 3479 1086 3483 ¹
