2576 4040
476 246 717 313 -1'13-

6 459 7 472 ,
86 399 135 453 est
158 391 276 453 salivam
299 410 354 472 per
377 409 412 452 os
435 391 627 452 ostendentes
645 409 714 453 cum
737 391 883 454 solutione
907 396 1050 476 corporis,
1073 403 1104 457 et

88 483 258 542 exurrectio
294 483 359 540 sine
392 481 507 540 ratione
541 488 572 540 et
603 478 709 559 pulsus
740 480 916 563 inaequalis,
955 481 1103 562 aliquibus

87 586 158 630 vcro
186 577 217 630 et
245 568 407 629 fastidium.
448 569 550 647 pueris
578 570 668 629 etiam
695 567 911 630 dormientibus
939 573 1104 632 masticatio

87 657 219 718 eflicitur
256 673 325 717 cum
357 655 474 716 modica
510 655 627 736 linguae
665 656 844 718 exclusione.
896 658 1104 721 schematizato

87 747 179 805 etiam
202 763 255 806 ore
278 747 389 825 iacent,
412 743 550 805 similiter
572 753 607 806 ut
629 743 672 805 illi
694 747 746 824 qui
769 753 837 825 post
857 748 979 808 nimiam
1001 759 1130 827 opera-⁶

86 835 203 894 tionem
225 841 390 894 resumunt.
434 841 555 912 etpost
577 833 719 894 diastema
744 837 888 914 temporis
911 834 1104 897 modicissimi

86 921 269 1001 aliquotiens
287 940 355 982 cum
374 921 502 982 clamore
521 929 669 1001 exurgunt
688 929 718 982 et
737 924 797 982 cito
819 924 929 984 iterum
951 923 1104 1003 deponun-

86 1016 139 1070 tur
168 1018 198 1071 et
225 1009 365 1070 dentibus
393 1009 573 1070 dormientes
601 1010 737 1070 strident.
779 1013 924 1090 contingit
953 1029 1024 1072 vero
1047 1013 1104 1074 boc

88 1100 228 1176 quotiens
259 1100 324 1178 ipsa
351 1097 478 1158 violenta
509 1101 729 1159 insurrexerint
761 1099 905 1162 animalia.
951 1101 1041 1162 etiam
1073 1108 1103 1164 ct

87 1185 237 1266 aliquibus
265 1193 458 1248 occurrentes
486 1185 631 1248 stomachi
657 1189 779 1248 nausias
805 1195 835 1249 et
857 1207 977 1250 morsus
1000 1203 1143 1251 causa-1⁰

88 1277 201 1336 tionem
228 1275 350 1336 iaciunt.
391 1273 547 1354 aliquando
578 1283 609 1336 et
632 1277 815 1337 reiectautur
838 1277 1029 1356 singulariter
1052 1285 1103 1339 aut

89 1381 158 1424 cum
181 1363 279 1442 aliquo
302 1363 428 1424 humore
451 1363 616 1442 flegmatico
641 1372 692 1425 aut
715 1363 872 1426 cholerico.

178 1454 340 1513 curationis
367 1469 439 1512 uero
466 1461 601 1532 tempore
628 1455 754 1513 maxime
781 1454 813 1512 in
841 1455 936 1514 acutis
959 1452 1103 1536 febribus,
1157 1455 1161 1462 '

88 1542 114 1600 si
144 1549 175 1602 et
202 1543 377 1602 constrictio
405 1540 497 1600 iuuerit
524 1542 650 1621 ventris,
684 1539 953 1620 cataplasmandum
981 1559 1018 1603 ex
1049 1542 1104 1604 lini

89 1631 212 1690 seminis
230 1637 261 1690 et
278 1629 374 1708 lupini
392 1629 487 1688 farina
505 1627 672 1708 parimodo
692 1630 859 1689 commixtis
878 1637 908 1690 et
926 1649 994 1690 cum
1009 1630 1104 1691 mulsa
1118 1642 1144 1685 1⁵

88 1735 166 1796 aqua
198 1719 357 1778 concoctis.
404 1715 641 1798 cataplasmabis,
673 1716 739 1776 oleo
768 1716 898 1778 violaceo
931 1717 1105 1778 umbilicum

87 1815 195 1886 tanges
218 1814 248 1866 et
270 1805 351 1866 molli
374 1804 440 1866 lana
458 1808 576 1884 operies
600 1812 631 1866 ct
654 1804 799 1866 lasciabis.
837 1811 867 1866 et
884 1813 954 1885 post
971 1805 1105 1886 expletos

88 1894 306 1975 cataplasmatis
333 1893 398 1955 dies
426 1896 572 1955 cerotario
601 1913 638 1954 ex
660 1892 809 1954 absinthio
832 1901 863 1954 et
885 1894 951 1954 oleo
981 1896 1103 1976 cyprino

88 1985 226 2044 conlecto
255 1989 389 2043 ventrem
417 1983 473 2044 sub
501 1981 675 2044 umbilicum
698 2001 794 2062 usque
818 1985 981 2063 cooperies.
1025 1991 1056 2044 et
1078 1986 1104 2044 si

87 2081 194 2132 venter
217 2069 408 2152 abstinuerit,
435 2072 466 2130 in
494 2065 657 2132 infantibus
684 2070 798 2131 balanis
820 2073 939 2132 iniectis
962 2071 1103 2154 depones,
1118 2083 1145 2125 ευ

87 2161 120 2220 in
148 2160 212 2222 aliis
239 2177 311 2221 vero
337 2160 481 2239 perlectis
508 2167 603 2219 aetate
631 2158 758 2238 clystere
787 2177 822 2219 cx
852 2159 1026 2220 decoctione
1055 2159 1104 2218 ab·

88 2248 192 2310 sinthii
220 2249 349 2309 admixto
377 2247 464 2308 melle
492 2246 629 2308 deduces.
672 2255 702 2308 et
730 2246 898 2326 potionabis
921 2247 1105 2329 frequenter,

163 2459 179 2508 1
197 2469 248 2522 per
267 2470 297 2509 os
315 2469 366 2509 om.
386 2469 408 2508 c.
517 2459 533 2506 2
552 2452 722 2509 exsnneciio
738 2470 772 2522 p,
796 2451 937 2508 exurcctio
956 2467 978 2506 c.
1086 2459 1102 2508 8

7 2551 8 2568 κ
90 2523 295 2580 dormientibus
314 2541 365 2579 om.
383 2541 405 2579 c.
478 2523 653 2580 masticatio:
671 2525 707 2592 cf.
727 2523 756 2578 0.
775 2525 811 2578 A.
830 2526 848 2579 l.
867 2541 890 2580 c.
904 2541 935 2593 p.
951 2527 1013 2578 534.
1086 2529 1103 2578 δ

88 2595 229 2651 iacentem
243 2611 267 2661 c,
281 2598 359 2650 -tes
373 2612 400 2664 p.
465 2594 579 2664 quidem
594 2611 635 2665 cp.
699 2603 715 2652 6
730 2595 869 2650 diesim
883 2611 910 2651 c:
924 2594 1063 2650 dientem
1072 2611 1102 2664 p.

91 2673 190 2722 tcum
210 2696 243 2706 -
263 2667 302 2736 (9)
321 2666 449 2734 quotiens
467 2682 518 2722 om.
537 2683 559 2721 c.
645 2667 769 2722 setiam
787 2683 837 2722 om.
857 2683 879 2722 c.
964 2683 990 2720 s.
1011 2667 1041 2719 eb
1059 2681 1104 2720 oc-

90 2739 233 2792 currentes
247 2753 278 2806 p.
365 2743 397 2792 11
417 2737 554 2793 reiectant
571 2753 598 2804 c,
614 2738 789 2793 neinrtsntur
805 2739 870 2805 (sic)
887 2753 914 2805 p.
988 2741 1021 2789 13
1040 2735 1059 2787 i.
1077 2752 1103 2790 o.

88 2807 216 2863 febribus
242 2807 317 2876 quod
336 2825 396 2864 esse
414 2809 494 2864 solet.
527 2808 551 2862 si
570 2813 600 2862 et
618 2807 781 2863 constrictio
797 2825 832 2876 p,
855 2807 874 2862 i.
890 2823 917 2860 s.
935 2805 1062 2882 ⁴febribus
1081 2805 1105 2858 si

90 2913 125 2951 cx
139 2895 310 2952 constructio
325 2913 346 2952 c.
417 2900 450 2950 15
465 2913 528 2950 cum
542 2911 616 2964 oque
629 2895 721 2950 mulss
734 2911 766 2963 p.
839 2897 873 2947 16
890 2875 1024 2946 umbilicd
1039 2907 1104 2946 con-

88 2967 186 3037 tangis
200 2985 231 3037 p.
318 2973 351 3022 17
372 2966 463 3035 operis
482 2982 523 3034 cp.
611 2971 644 3021 18
663 2981 698 3020 ex
716 2981 743 3020 c:
763 2965 792 3018 ct
804 2979 837 3032 p.
924 2969 956 3017 19
976 2961 1104 3018 confecto

90 3054 143 3095 om.
163 3055 185 3095 c.
257 3039 356 3093 venter
374 3037 426 3092 snb
440 3036 574 3090 umbilico
587 3051 676 3104 usque
695 3033 822 3104 cooperis
839 3049 862 3101 c,
880 3033 1007 3088 ventrem
1022 3033 1105 3089 umnl

89 3127 179 3179 usquo
199 3108 250 3163 sub
269 3107 402 3163 umbilico
421 3107 549 3176 operisp
572 3105 741 3174 (comediis
763 3104 891 3175 portibus
913 3103 984 3160 Cael.
1003 3107 1057 3161 cler.
1078 3111 1104 3174 4,

6 3215 7 3228 .
93 3186 145 3234 128
164 3185 248 3248 etsi„
315 3185 349 3234 20
368 3177 398 3232 in
416 3194 466 3234 om.
486 3194 526 3246 cp.
611 3176 721 3232 bclsnis
735 3193 771 3246 p:
790 3191 840 3231 orn.
859 3191 881 3232 c.
962 3176 1062 3232 insciis
1081 3193 1103 3242 c.

6 3269 7 3292 t
88 3251 177 3321 isptis
192 3267 224 3320 p.
297 3248 412 3320 deponis
430 3265 471 3317 cp.
553 3247 752 3304 21clisterie.
834 3264 869 3302 ex
884 3262 935 3304 om.
950 3263 996 3318 cp.
1069 3254 1103 3302 22

89 3321 207 3405 deducis
231 3337 273 3390 cp.
381 3321 411 3374 et
432 3317 544 3388 potieb'
569 3319 730 3388 frequenter
751 3319 873 3375 maxime
889 3336 924 3389 p:
948 3323 978 3374 et
996 3321 1104 3389 poc‘one

87 3408 211 3448 maxims
230 3409 251 3448 c.
