2576 4040
559 237 799 304 ,200-

190 375 360 447 (catapotias
369 375 539 446 singularias
548 393 575 446 9,
585 391 654 431 corr.

189 447 379 516 tussicularia)
398 463 471 516 quae
490 446 590 502 Graeci
607 447 655 502 bc-

190 519 272 574 chica
297 520 403 574 vocant
429 524 472 572 63.
512 517 655 599 catapotia

189 589 307 644 bachica
323 589 412 644 idest
428 587 607 643 tussiculana
620 594 654 643 66

189 661 265 727 (item
287 660 319 714 ia
344 676 409 729 app.
433 660 491 716 cod.
514 658 605 714 Para
633 659 654 726 s.

189 728 240 785 8⁷¹²
254 732 398 800 catapotia
411 728 527 786 bechice
540 729 559 784 i.
574 729 656 784 tussi-

189 800 316 870 calatia).

169 871 335 942 βοθρὶοντ
353 871 446 927 butria
461 871 558 926 ulcera
570 871 600 926 id
614 874 656 927 est

189 941 309 996 loeeulas
332 947 375 996 69.
412 942 449 996 ad
475 943 571 998 ulcera
595 941 655 996 uni·

187 1027 270 1066 versa
293 1014 322 1068 et
344 1012 456 1067 botrion
483 1011 654 1066 doloresit.

191 1083 227 1148 cf.
234 1083 370 1137 Demoatla
381 1097 426 1151 ap.
434 1081 500 1138 Sim.
507 1099 529 1136 s.
536 1082 627 1136 ulcus.
635 1122 656 1136 ..

195 1151 305 1206 notiion
323 1153 367 1206 est
389 1151 464 1220 quod
481 1151 655 1206 rotunditate

188 1221 275 1277 ruent
298 1238 452 1277 concavum
475 1221 506 1277 in
532 1223 655 1278 scemate

180 1293 327 1347 -fousarnm
342 1293 416 1347 unde
427 1309 530 1348 nomen
544 1293 655 1363 accepit

189 1363 264 1432 (Gal.
282 1364 356 1432 XIV,
377 1367 447 1432 774).

170 1431 654 1505 yatamoioaczmnagargarisma)

187 1521 246 1559 non
263 1505 346 1559 nimis
365 1505 654 1565 calidum...sed...

187 1577 301 1630 tantum
319 1578 351 1630 ut
375 1577 528 1631 secundum
545 1578 654 1632 tactum

187 1649 317 1717 teporem
343 1647 449 1702 habeat
474 1647 557 1703 lactis
579 1649 654 1718 qnod

189 1716 291 1774 Graeci
309 1717 471 1787 galactodes
488 1720 593 1774 vocant
611 1724 654 1774 36.

188 1789 224 1854 cf.
249 1789 322 1843 Cael.
346 1790 401 1844 ctr.
423 1794 453 1856 4,
477 1793 520 1844 58.
553 1795 587 1844 63
606 1789 655 1857 (le-

187 1860 271 1928 viter)
309 1859 467 1914 elatum...
481 1859 538 1914 sive
556 1861 655 1928 tepens

188 1875 330 2066 qulffir'
350 1933 410 1997 γαλ.
429 1931 532 1983 vocant
547 1930 653 1997 (Amet.

191 2013 212 2051 e.
279 2039 285 2052 .

169 2081 459 2209 'tffittmtiv'al
475 2069 655 2212 ,tattoni

187 2210 349 2280 appellatur
367 2216 410 2266 35.

170 2273 558 2422 tetenstete
572 2283 654 2409 llll

187 2427 222 2474 30
278 2421 448 2491 (cuniculis.
469 2463 475 2477 .
495 2427 654 2479 .cavantun

188 2492 488 2562 montes...arrugias
511 2493 541 2548 id
564 2512 653 2564 genus

185 2563 290 2614 vocant
315 2563 374 2618 scil.
403 2563 529 2633 Hispani.
574 2566 651 2620 Plio.

186 2636 230 2696 33,
251 2637 293 2685 70.
313 2638 355 2688 77.
395 2635 430 2700 cf.
455 2642 651 2704 corrugas‘14.

186 2701 302 2772 anugia
319 2727 354 2750 ω
373 2704 529 2774 arvirngia,
557 2705 652 2761 acken-

186 2763 323 2843 tirohet).

706 369 907 442 δακτυλικὴε
925 373 983 430 alia
1017 392 1071 432 uae
1089 379 1190 448 appel·

723 446 799 500 latur
820 460 839 498 a
861 443 974 500 Graccis
997 394 1135 504 laetifico
1159 449 1189 504 id

723 519 768 571 cst
784 514 936 586 pediculis,
958 517 982 571 si
1006 517 1122 585 quidem
1140 535 1189 588 po·

723 586 793 644 dicis
806 586 877 642 vitia
885 587 1016 642 emendat
1025 593 1060 642 ⁷4
1069 585 1187 658 (δαιτό-

722 662 781 720 tsoc
790 683 824 706 ι·-
834 674 913 726 anns,
927 675 1025 726 annus,
1039 660 1142 715 anulus

723 729 795 797 ring,
813 728 904 796 aiter).

705 800 845 864 δαῦκοςτ
868 798 951 854 dauci
973 799 1072 856 cretici
1092 819 1190 858 semen

722 868 753 923 id
780 871 824 924 est
850 869 1014 938 pastinacae
1046 873 1190 928 hortensis

723 945 757 994 'lt
772 963 806 986 ει
820 944 855 994 44
869 945 957 1010 (quem
970 943 1040 997 mulo
1057 945 1190 1013 iatellipc't

722 1010 790 1065 Sim.
805 1026 827 1065 c.
841 1027 866 1064 u.
883 1011 988 1067 dancus
1007 1013 1126 1068 creticus
1144 1017 1191 1069 est

723 1097 819 1135 semen
847 1081 946 1136 baucio
971 1083 1088 1154 [Mattio.
1110 1083 1139 1141 S.
1164 1101 1188 1138 a.

718 1151 819 1206 banaia
846 1152 963 1208 ortensis
989 1153 1008 1206 i.
1040 1154 1192 1223 pastinaca
1276 1213 1277 1220 ,

723 1221 878 1277 domestica
901 1228 950 1278 etc.
986 1225 1021 1290 cf.
1043 1225 1148 1280 Simon.
1167 1242 1188 1282 a.

722 1293 823 1346 bancia
833 1293 1011 1366 pastinacha]
1023 1297 1144 1350 ortensis
1154 1321 1188 1342 =

724 1364 828 1418 Metti.
846 1364 954 1420 Silo.·e.
971 1381 995 1420 o.
1024 1367 1059 1432 cf.
1080 1366 1187 1423 Oritas.

724 1435 772 1488 lut.
791 1433 853 1501 (VI,
877 1437 940 1501 466)
964 1435 1071 1492 daucus
1090 1437 1190 1507 quiet

723 1503 860 1560 stafilinue
889 1505 992 1574 (Dieuc.
1020 1523 1050 1576 p.
1083 1513 1136 1562 401
1165 1514 1189 1563 ct

722 1581 775 1630 419
793 1575 868 1644 Sps.)
892 1577 966 1644 qnod
985 1577 1082 1632 Latini
1101 1579 1188 1649 pasti-

721 1662 793 1700 naca
811 1650 922 1701 vocant

705 1711 924 1788 δηλητὴριονε
946 1719 1027 1774 letali
1045 1719 1109 1776 cibo
1128 1721 1187 1776 sive

721 1786 836 1856 potione
852 1789 969 1858 accepta
987 1806 1073 1859 quam
1086 1789 1188 1847 Graeci

722 1857 877 1913 deleterion
895 1857 992 1914 dicunt
1010 1865 1053 1916 51.

705 1923 781 1984 dcci:
802 1929 874 1996 „de“
892 1931 992 1998 quibas
1009 1933 1088 1987 retas
1099 1933 1186 1988 medi-

722 2005 846 2054 camenta
868 2000 946 2067 facta
966 2007 1033 2056 aaut
1056 2003 1120 2057 hoec
1138 2019 1186 2058 ao-

721 2069 879 2124 minuatam:

703 2135 752 2194 διὰ
782 2140 833 2209 τῆς
863 2132 980 2211 ollam:
1013 2141 1115 2196 Galeni
1143 2160 1186 2198 aa·

720 2211 823 2336 tagtico
847 2211 894 2266 dia
915 2215 958 2268 tes
985 2213 1063 2268 aloes
1090 2215 1187 2284 appel·
1247 2283 1250 2292 Ι

733 2297 781 2336 ao
802 2287 826 2336 1.

704 2346 744 2406 δι’
769 2343 879 2408 citam
904 2353 1089 2422 emplastrum
1118 2354 1187 2423 (dia-

720 2422 769 2478 lon
790 2439 836 2493 pc,
860 2423 972 2479 dialoen
990 2426 1024 2494 p)
1044 2431 1087 2480 21.
1117 2426 1187 2494 (dia-

720 2493 787 2548 loon
795 2510 836 2564 pc,
847 2494 959 2549 dialeon
964 2495 997 2564 p)
1007 2501 1050 2550 26.
1059 2495 1188 2564 ,Sensim

719 2564 800 2619 Felix
812 2563 843 2619 in
852 2563 1040 2621 antidotario“
1050 2567 1119 2622 Sim.
1130 2583 1152 2622 s.
1162 2585 1185 2623 o.

702 2631 751 2689 διὰ
759 2635 810 2690 τοῦ
819 2627 1188 2707 ἆψινθὶουτοαὺαρωωα

720 2705 796 2774 quod
804 2706 950 2776 appellant
962 2706 1043 2762 diatu
1055 2708 1187 2764 absentia

720 2780 755 2846 (p,
770 2776 850 2832 diatu
864 2777 989 2832 absinthi
1003 2795 1026 2847 c,
1041 2778 1122 2833 dialis
1136 2780 1186 2835 ab·

166 2841 354 2915 γρύπωσιςτ
379 2862 442 2900 cum
464 2845 651 2903 obuncatione
719 2847 809 2901 sithiu
822 2849 856 2917 p)
874 2853 918 2902 42.

186 2915 323 2986 unguium
355 2934 440 2986 quam
468 2916 568 2972 Graeci
596 2918 651 2988 ςή-
701 2912 742 2971 δι’
756 2911 921 2986 incasualia:
935 2918 1095 2975 antidotum
1109 2921 1185 2988 quod

185 2987 277 3054 posim
291 2989 348 3056 (pp)
362 2989 465 3044 vocant
474 2994 509 3044 40
519 2989 566 3058 (cf.
577 2989 649 3044 Occi.
718 2988 878 3070 appellatur
916 2987 1108 3062 diec<id>non
1151 2993 1186 3062 (c,

185 3071 229 3112 ox.
249 3063 280 3125 2,
303 3062 354 3112 168
377 3058 514 3128 unguium
536 3059 650 3115 uacatio
717 3058 871 3114 dlacrudon
885 3059 917 3128 p)
936 3061 1041 3116 teriaca
1055 3066 1088 3115 65
1107 3061 1184 3128 (aaz.

185 3143 271 3193 qnam
294 3125 436 3196 γρύπωσιν
461 3133 572 3184 vocant.
609 3131 648 3185 ic.
719 3130 784 3198 XI,
807 3134 862 3198 40).

185 3197 277 3260 clm,
289 3203 339 3250 198
354 3199 649 3270 obuncatisunguibus
699 3195 739 3254 δι’
759 3191 939 3271 ἡλέκτρουε
958 3200 1095 3256 trocimus
1114 3199 1185 3270 (die-
1262 3199 1271 3214 '

175 3266 261 3335 'quod
269 3264 368 3321 Graeci
378 3263 579 3337 poiuocwvoc
617 3271 648 3337 t).
716 3271 835 3326 lectrum
852 3287 902 3341 pp,
925 3271 1024 3327 dialeti
1047 3288 1063 3327 c
1085 3278 1128 3327 33.
1147 3299 1185 3313 ·-

165 3332 372 3408 yvuvduaovz
388 3339 497 3408 (uteris)
511 3340 649 3410 gimnasio
717 3341 883 3396 dialectrum
891 3358 918 3411 9,
928 3340 1064 3397 dialectos
1070 3348 1183 3412 11³9-
1276 3357 1277 3420 ζ

186 3408 231 3462 vel
254 3407 387 3463 exercitio
411 3424 426 3465 c
447 3409 601 3479 (gimnasiis
619 3410 649 3466 id
718 3411 898 3467 diaelectium
911 3429 934 3482 12
939 3453 948 3480 ,
970 3412 1185 3470 diocletirnmc

185 3481 230 3532 est
248 3477 386 3534 exercitiis
402 3483 435 3550 p)
454 3485 496 3534 64.
717 3486 763 3552 48)
782 3482 811 3536 id
830 3484 873 3536 eet
892 3499 927 3537 ex
945 3485 1043 3538 sucino
1062 3490 1106 3540 39.
