2588 4028
574 207 792 272 ..32-

267 355 429 417 curationis
461 359 561 414 autem
592 360 726 432 tempore
758 357 877 431 oportet
908 351 939 411 in
972 351 1137 432 principio,
1167 355 1194 414 si

177 463 237 506 nna
264 462 334 524 pars
361 443 492 504 lancium
520 442 677 521 tumuerit,
704 458 740 500 ex
768 440 832 518 ipsa
854 446 955 520 parte,
983 438 1062 518 quod
1086 438 1195 502 Graeci

178 535 287 595 catixin
323 540 441 605 vocant,
482 531 513 590 in
550 527 670 589 brachio
701 526 894 589 flebotomare
929 536 959 588 et
993 527 1194 590 sufficientem

179 623 353 702 sanguinem
372 617 537 681 detrahere.
577 618 623 677 sin
641 633 712 678 vero
730 618 761 678 in
780 623 923 694 utrasque
941 623 1042 695 partes
1061 617 1194 678 larrcium

151 709 301 772 ruberior
324 728 356 770 se
383 717 483 770 tumor
513 704 657 768 infuderit
679 723 747 768 cum
770 703 882 766 rubore
904 705 966 784 igni
992 722 1078 766 sacro
1101 707 1194 767 simu-

178 799 271 881 lante,
309 797 388 878 quod
419 795 525 858 Graeci
558 792 789 874 erysipelatodea
824 802 944 874 vocant,
980 795 1011 856 in
1048 792 1194 856 ambobus

179 887 309 948 brachiis
336 903 425 947 venas
452 883 580 963 incides,
607 884 634 944 si
660 883 748 946 nimis
770 879 875 964 plenae
899 884 1106 963 apparuerint,
1133 901 1193 962 qno
1273 915 1274 920 κ

82 1003 107 1041 o·
123 990 163 1031 1⁹⁰
180 977 275 1057 possit
297 976 441 1054 proximis
460 971 465 1048 Ι
485 971 560 1034 locis
578 973 730 1049 sanguinis
748 971 933 1034 detractione
956 971 1032 1032 iacta
1051 971 1193 1034 relaxatio

180 1062 365 1126 tumentibus
388 1062 551 1122 ministrari
572 1058 716 1140 partibus.
753 1062 799 1122 sin
818 1077 889 1120 vero
913 1059 1015 1122 senilis
1037 1067 1120 1122 aetas
1142 1069 1195 1122 out

140 1169 166 1208 ιο
180 1151 323 1214 infantilis
354 1159 448 1225 aetas,
480 1147 560 1229 quod
593 1147 731 1227 equidem
763 1150 861 1213 rarius
896 1150 928 1210 iu
964 1150 1029 1228 ipsa
1064 1149 1194 1212 infantili

180 1248 276 1304 aetate
295 1241 452 1320 contingit,
475 1235 627 1300 flebotomi
645 1254 734 1298 usum
752 1235 953 1318 prohibuerit,
976 1255 991 1296 a
1011 1245 1096 1317 tergo
1115 1240 1194 1300 inter

181 1328 316 1409 scapulas
339 1331 418 1389 circa
441 1325 576 1406 spondyli
597 1324 697 1386 locum
715 1324 901 1388 cucurbitam
927 1325 1145 1405 conglutinabis
1165 1335 1194 1388 et

181 1418 278 1479 addita
306 1417 495 1478 scariiatione
522 1423 739 1494 competentem
768 1417 944 1494 sanguinem
969 1413 1118 1477 detrahes.
1164 1425 1194 1477 et
1274 1438 1275 1442 ¹

181 1508 207 1567 si
229 1514 364 1568 ventrem
388 1523 448 1566 non
479 1505 597 1584 lecerit,
624 1503 733 1564 acriori
761 1503 887 1584 clystere
911 1502 1105 1566 deducendus
1128 1506 1194 1566 erit
1274 1581 1275 1584 Ἴ

141 1611 167 1650 15
181 1594 264 1658 dabis
283 1597 371 1656 etiam
390 1601 421 1654 et
439 1593 565 1656 mrrham
587 1591 825 1672 gargarizandam
844 1609 881 1655 cx
904 1591 1078 1656 decoctione
1102 1591 1194 1672 puleii
1274 1619 1275 1638 r

181 1685 346 1746 conlectam
378 1682 424 1744 vel
453 1681 526 1744 illud
554 1680 633 1760 quod
663 1679 710 1742 dia
737 1682 855 1761 pityrou
884 1688 990 1742 vocant
1021 1679 1051 1742 id
1084 1689 1131 1742 est
1158 1700 1194 1742 ex
1274 1699 1275 1706 ¹

181 1771 335 1852 cantabro,
356 1774 442 1832 cuius
461 1771 679 1832 conlectionem
698 1771 837 1848 superius
855 1767 891 1830 ad
911 1778 1044 1844 tumores
1063 1769 1194 1832 lancium

181 1862 364 1940 scripsimus.
896 1921 904 1932 ,

270 1946 459 2027 diachrisma,
493 1945 550 2006 hoo
582 1953 629 2008 cst
661 1945 894 2026 inlinimentum,
931 1945 1010 2025 quod
1047 1946 1195 2026 appellant

142 2053 168 2092 no
182 2036 229 2099 dia
258 2045 310 2098 ton
339 2034 529 2110 chelidonon‚
562 2034 592 2095 id
619 2042 666 2094 est
692 2052 728 2095 ex
757 2033 983 2114 hirundinibus,
1014 2035 1127 2096 iaciens
1159 2036 1195 2097 ad

183 2124 352 2205 synanchen
380 2131 410 2184 et
437 2123 476 2184 ad
502 2125 657 2186 universos
684 2132 818 2184 tumores
846 2123 989 2204 lancium,
1019 2119 1060 2184 et'
1076 2124 1195 2186 sordida

182 2213 282 2276 ulcera
311 2216 341 2274 in
370 2231 421 2274 ore
449 2212 526 2276 bene
553 2212 706 2294 depurgat.
747 2214 854 2292 recipit
879 2222 979 2274 autem
1001 2211 1196 2276 hirundinum

255 2477 270 2525 2
290 2471 365 2539 quod
379 2487 415 2540 p:
433 2487 518 2538 quem
536 2487 577 2540 uo.
651 2473 727 2526 noct
744 2471 803 2526 ixin
823 2466 901 2542 (καθ’
924 2469 980 2538 ἴξιν
994 2471 1040 2527 vel
1053 2466 1117 2526 κατ’
1141 2468 1197 2538 ἷξεν

184 2542 246 2597 Gal.
270 2541 321 2607 XI,
345 2543 405 2610 92)ε
429 2541 524 2596 alexin
546 2558 595 2611 pp,
620 2543 747 2598 anteana
773 2559 787 2598 o
812 2542 913 2611 (cubiti
930 2559 1031 2598 renam
1050 2542 1151 2598 Aetius
1169 2549 1197 2610 8,

182 2615 237 2683 17).
310 2618 328 2666 4
347 2611 396 2668 Sin
414 2629 444 2682 9:
464 2611 487 2666 si
507 2629 547 2681 ep.
637 2619 654 2666 4
672 2612 795 2668 faucium
814 2615 909 2683 peries
927 2615 1058 2683 (uimque
1076 2612 1097 2668 f.
1115 2615 1198 2684 parte

178 2687 211 2753 p)
237 2700 278 2754 ep.
351 2681 450 2752 bigni
472 2699 539 2738 acro
560 2700 590 2765 9,
614 2682 688 2754 ignis
711 2691 786 2753 aqui,
809 2700 836 2753 c,
862 2683 928 2754 igne
951 2685 1013 2754 (rio)
1036 2700 1148 2738 snorum
1166 2703 1198 2754 p.

183 2762 199 2810 6
218 2753 450 2825 herisipeletodos
473 2771 505 2824 9,
528 2754 672 2824 ancipitpa
686 2755 821 2831 o)lntpdes
844 2771 885 2824 cp.
993 2760 1010 2809 8
1034 2755 1144 2824 possint
1165 2773 1200 2824 pe

183 2825 268 2895 (-sih
281 2829 322 2896 p).
395 2824 588 2895 superdeus
602 2825 756 2882 ministrari
774 2842 815 2894 cp.
889 2825 938 2880 Sin
951 2842 998 2896 po:
1018 2825 1049 2880 Si
1057 2843 1089 2895 p.
1165 2835 1179 2880 1

184 2901 245 2953 etas
264 2899 402 2966 (alterum,
421 2903 454 2952 ut
471 2912 535 2952 moa
552 2897 638 2961 eicie)
662 2913 711 2951 orn.
727 2914 749 2966 p
769 2900 835 2964 (uon
852 2899 904 2966 pc).
1016 2895 1149 2965 equidem
1168 2913 1199 2966 9:

183 2969 296 3037 quidem
315 2985 356 3038 cp.
466 2973 499 3023 12
522 2967 715 3038 spondilooum
738 2972 802 3022 oute
824 2984 931 3038 noroy
954 2966 1089 3038 (spondili
1107 2967 1126 3022 l.
1145 2974 1200 3038 φο,

184 3039 387 3108 spondiliorum
405 3039 468 3094 loce
482 3043 524 3108 p).
613 3047 645 3093 13
665 3037 867 3094 scarificatione
886 3055 927 3108 ep.
1020 3044 1052 3092 15
1072 3039 1201 3108 gargari-

184 3108 290 3179 (garari
302 3109 449 3177 plaandum
466 3111 526 3180 (sic)
539 3127 580 3179 pe,
596 3110 632 3164 ad
646 3104 921 3192 gargarizandum.
995 3115 1028 3164 te
1043 3108 1201 3179 dispitiron

183 3178 608 3320 blsllililblffmil'ff‘
628 3178 1156 3320 dtrlbtldhmlhbblu
1174 3198 1201 3306 l’

184 3326 218 3376 20
242 3293 381 3389 dishond’o
400 3323 433 3390 p)
457 3325 584 3388 oee(ce-
603 3322 763 3392 cp)lidonon
786 3339 844 3392 pop.
887 3324 921 3389 cs.
945 3323 1008 3378 Gal.
1035 3321 1122 3391 XII,
1144 3327 1201 3377 359

183 3397 208 3446 ei
225 3393 382 3461 Asclepiud.
402 3409 446 3462 ap.
467 3391 529 3448 Gal.
550 3392 635 3462 XII,
653 3397 718 3450 942.
816 3400 848 3448 21
869 3394 923 3464 syli
933 3395 1069 3463 mustacea
1088 3396 1158 3462 pp(
1192 3424 1202 3433 ·

182 3479 297 3518 mances
315 3467 349 3532 c).
434 3463 558 3518 faucium
576 3466 699 3519 tumores
719 3480 759 3533 ep.
852 3470 885 3518 22
905 3466 931 3530 ld
950 3467 1011 3533 (orn.
1030 3465 1139 3534 eniam)
1159 3481 1202 3533 ep.
