2588 4028
503 227 725 292 ..93-

106 371 220 452 decim,
243 373 341 434 omnia
363 379 484 452 praeter
507 372 568 432 irin
586 371 729 452 illyricam
748 379 816 434 ante
838 373 963 436 biduum
983 376 1123 438 infundes

106 463 140 522 in
163 479 239 542 aqna
262 471 293 522 et
315 461 405 522 tertia
428 459 477 520 die
500 477 613 539 coques
635 478 732 539 usqne
755 460 792 520 ad
815 465 931 526 tertiam
954 472 1070 544 partem
1093 475 1125 526 et

106 559 177 629 post
204 550 278 611 baec
306 547 342 610 ab
372 551 441 628 igne
468 547 564 609 tolles.
610 547 719 610 berbas
747 567 903 628 expressas
934 555 1063 634 proicies
1094 563 1125 615 et

107 657 217 700 sucum
245 637 403 717 diligenter
429 635 557 716 liquabis
585 646 615 698 et
642 637 748 700 exinde
774 640 904 719 accipies
930 643 1075 704 sextarios
1097 641 1124 702 ll

106 736 139 789 et
169 729 198 788 ei
226 725 369 806 adiunges
396 725 455 786 mel
482 733 513 786 et
538 743 660 806 passum
688 733 719 788 et
746 725 827 788 lento
858 728 928 806 igne
956 747 1067 810 coques
1095 739 1152 792 ets

106 817 309 876 electuarium
347 815 437 874 iacies
473 815 504 875 in
541 813 766 876 similitudinem
801 815 898 876 mellis
934 817 1125 880 mediocriter

14 925 16 930 ’
106 905 269 965 crassioris
298 911 329 963 et
356 911 427 964 tarne
461 902 547 964 tolles
580 902 617 964 ab
643 905 712 982 igne
740 911 771 965 et
802 921 1035 986 superasperges
1067 909 1125 968 irin

105 993 254 1074 illyricam
273 999 427 1052 contusam
446 998 476 1052 et
494 993 668 1052 tenuissime
692 1000 804 1053 cretam
825 1002 857 1054 et
873 993 1007 1056 movebis
1030 997 1125 1057 donec

14 1151 15 1160 ἵ
107 1080 265 1161 infrigidet
283 1089 313 1141 et
330 1097 459 1159 repones
481 1082 512 1140 in
531 1083 626 1141 vitreo
649 1099 718 1142 vase
742 1089 772 1142 et
791 1082 898 1144 exinde
920 1081 1124 1146 laborantibus

108 1169 194 1231 dabis
217 1170 324 1230 ieiunis
348 1175 378 1229 et
401 1168 437 1228 ad
461 1187 615 1248 vesperam
638 1169 782 1238 coclearia
804 1171 939 1250 singula:
1140 1189 1165 1227 ro

15 1259 16 1268 ’
199 1266 230 1320 et
256 1263 414 1337 postquam
442 1275 478 1318 ex
501 1260 597 1337 sputis
627 1257 847 1338 limpidioribus
876 1260 922 1320 vel
950 1268 1031 1322 certe
1064 1279 1125 1322 non

108 1347 186 1410 male
210 1345 413 1408 redolentibus
432 1348 587 1426 agnoveris
606 1346 706 1408 ulcera
729 1347 822 1408 luisse
844 1356 985 1429 purgata,
1007 1351 1126 1428 trigono

108 1438 240 1498 trocisoo
266 1434 313 1496 vel
340 1433 398 1496 alio
428 1433 562 1513 quolibet
593 1435 758 1496 simillimae
789 1438 910 1498 virtutis
941 1439 973 1498 in
1004 1441 1126 1517 potione

109 1527 180 1587 dato
204 1525 374 1586 cicatricem
392 1521 526 1584 induces.
563 1524 653 1584 etiam
671 1525 858 1584 extrinsecus
877 1526 1126 1588 medicamentum

108 1615 282 1695 epuloticon
296 1629 439 1691 appones,
456 1609 548 1672 idest
567 1609 647 1690 qnod
661 1610 755 1671 valeat
772 1613 804 1672 in
818 1613 988 1680 cicatricem
1006 1614 1126 1692 ducere,
1141 1627 1167 1667 1⁵

108 1711 145 1765 nt
164 1711 211 1764 est
232 1702 352 1762 t'micine
377 1698 492 1762 duabus
510 1697 598 1760 alutis
621 1699 752 1760 inducta.
789 1715 879 1760 unam
901 1702 933 1760 in
956 1710 1078 1780 pectore
1097 1713 1128 1762 et

108 1789 256 1854 lateribus
278 1796 309 1850 et
332 1788 454 1849 alteram
473 1805 489 1848 a
513 1795 598 1867 tergo
621 1789 701 1849 inter
719 1787 869 1869 scapulas,
892 1797 1035 1869 utsupra
1058 1789 1128 1871 dixi,

108 1898 242 1962 appones
266 1886 297 1938 et
318 1876 444 1938 sanabis.
461 1870 471 1959 [l

410 2035 483 2098 XLI.
519 2037 566 2096 Ad
590 2035 833 2098 asthmaticos.
1129 2050 1159 2102 (p.
1170 2052 1218 2102 192)
1272 2109 1275 2118 ι

202 2161 377 2223 llstbmatici
396 2159 537 2220 dicuntur
556 2159 646 2220 latino
661 2175 798 2218 sermone
818 2157 951 2236 anhelosi
964 2159 1011 2219 vel
1032 2163 1128 2238 saspi·
1143 2175 1170 2215 eo

187 2393 200 2440 1
220 2385 269 2440 iris
287 2384 391 2440 illirico
410 2386 490 2454 (-ca
503 2385 584 2452 corr.)
602 2400 653 2454 pp,
670 2381 759 2442 illine
777 2401 799 2440 e.
872 2389 910 2442 efi
923 2385 1010 2440 bidan
1025 2399 1048 2451 c,
1066 2400 1129 2440 ana.
1194 2416 1198 2432 ·

110 2493 202 2549 biduir
221 2493 253 2546 ia
270 2507 325 2548 rae.
343 2497 393 2573 9⁰t
406 2496 443 2545 an
460 2455 597 2559 badll‘lnpb
684 2495 794 2572 unqua
812 2508 857 2562 cp:
877 2509 978 2562 aquam
997 2507 1023 2562 9.
1113 2498 1129 2546 3

110 2561 658 2703 reuerentissime
680 2563 779 2704 tana
798 2563 966 2690 99999,9,9
986 2562 1129 2702 ,9,9·

111 2705 172 2761 mel
189 2721 302 2775 passum
320 2720 345 2774 p.
437 2703 542 2760 biacia
559 2720 619 2774 ρῳ.
709 2703 894 2761 similitudine
911 2724 930 2776 p
949 2652 1059 2774 (gnam
1078 2706 1130 2772 cp).

113 2784 130 2832 ‘1
150 2775 295 2831 crassioris
313 2791 360 2844 pc:
379 2775 466 2830 crassi
479 2792 510 2844 p.
582 2775 623 2846 i(y
632 2773 839 2845 p)risillirieam
857 2793 917 2848 9⁰12·
1000 2779 1016 2826 8
1035 2789 1131 2829 moves

111 2865 177 2920 pap.
249 2844 424 2915 oinffigaee
440 2862 467 2915 9.
556 2847 586 2900 in
603 2846 725 2902 vitreum
742 2863 793 2901 vas
813 2864 834 2903 c.
927 2852 960 2900 10
980 2843 1131 2899 coclearios

113 2917 243 2988 singulos
260 2934 291 2986 9,
314 2915 405 2973 coel'r.
425 2917 550 2986 singulos
569 2933 597 2984 c,
621 2917 711 2972 eool'r.
731 2917 752 2970 1.
766 2934 797 2986 p.
894 2921 928 2970 14
944 2913 1054 2970 inducis
1071 2930 1130 2984 qap.

115 2996 150 3045 15
170 2989 282 3058 epule(e
296 2987 410 3056 abicam
427 3003 487 3057 pop.
588 2993 622 3042 16
640 2987 760 3041 finicene
776 3004 830 3056 pop
848 2987 890 3056 (id
908 2985 1027 3041 dectiloa
1045 3001 1133 3056 supra

115 3063 169 3132 90).
277 3075 334 3112 nne
352 3059 419 3127 (une
432 3060 487 3128 p).
507 3057 642 3114 ..altere
662 3073 707 3128 pp.
815 3057 931 3114 inducte
954 3058 1062 3126 (-tum
1084 3060 1131 3129 pp)

117 3163 153 3172 -
173 3129 285 3186 sanabis
304 3145 354 3186 om.
374 3146 400 3196 c,
424 3131 473 3200 qud
490 3145 585 3185 eoraaa
601 3130 658 3186 ioco
677 3129 757 3184 addit
774 3129 852 3184 baec:
878 3130 949 3186 Item
968 3130 1050 3201 (qaod
1067 3131 1133 3185 solet

116 3203 236 3258 antone
245 3217 300 3272 pro
314 3199 400 3254 Aliud
413 3204 460 3272 pp)
475 3199 537 3255 elac
550 3201 582 3271 tp
596 3199 783 3270 (electarium)
797 3202 823 3266 lb
837 3201 895 3272 apii
913 3201 1011 3272 ciperii
1024 3199 1133 3270 pulegii

115 3273 220 3344 acepin
241 3271 364 3328 marubii
386 3288 483 3326 semen
505 3271 615 3328 lactuca
639 3277 698 3326 sam
720 3271 816 3326 urtice.
834 3275 929 3328 mente
947 3272 1019 3327 sicce
1043 3271 1133 3351 lumpi

117 3343 261 3414 (iuniperi)
287 3358 411 3397 assarum
434 3343 520 3397 bacee
538 3343 611 3397 lauri
635 3342 740 3412 piperis
760 3343 873 3403 seminia
892 3345 954 3398 rute
973 3346 1003 3397 et
1019 3341 1085 3396 fabe
1103 3358 1133 3394 1n

118 3416 183 3471 oleo
201 3415 286 3486 frigia
305 3418 342 3468 ab
362 3412 426 3481 7,-1.
513 3419 547 3468 19
566 3411 610 3468 Ad
629 3413 779 3469 carnaticos
791 3431 824 3483 pc
843 3415 910 3482 (ind.
926 3415 969 3482 p),
988 3413 1029 3468 Do
1043 3427 1133 3466 esma-

117 3487 183 3542 ticis
197 3502 228 3556 p.
254 3517 258 3523 ·
301 3491 336 3541 20
354 3484 491 3541 Aemabici
508 3500 567 3554 pop.
640 3483 740 3538 aeliosi
759 3501 780 3540 e.
