2588 4028
573 243 814 308 „150-

184 389 272 449 modo
309 387 496 470 temperabis.
551 399 582 449 et
619 391 645 449 si
678 397 782 450 venter
818 407 878 449 non
915 387 1033 468 iecerit,
1069 388 1196 470 clystere

184 477 377 539 deducendus
405 478 463 538 erit
490 495 526 538 ex
559 476 731 539 decoctione
766 476 900 538 cantabri
927 483 980 537 aut
1011 477 1095 538 betae
1129 497 1199 540 oum

184 565 249 626 oleo
273 574 304 626 et
326 565 470 627 afronitro
494 573 524 626 et
547 565 632 626 melle
655 565 781 627 modico.

273 654 348 715 alius
385 655 495 735 clyster
532 654 712 734 lexipyretos
752 656 933 715 conveniens
970 656 1095 716 maxime
1129 666 1198 735 post

157 743 401 824 odepositionem
423 745 544 804 ventris.
581 761 687 804 sucum
709 745 843 822 ptisanae
863 751 893 803 et
914 742 968 802 lini
989 745 1127 825 seminis,
1149 748 1197 806 ovi

184 833 270 894 crudi
289 832 428 914 medium,
446 831 505 892 olei
519 833 633 893 rosacei
651 839 682 892 et
700 830 924 892 chamaemelini
937 830 1016 909 quod
1035 833 1197 895 suffecerit.

183 920 346 1000 posthaec
369 913 491 982 humido
515 929 545 982 et
568 920 675 999 frigido
699 919 766 981 cibo
790 920 922 1000 reflcies,
946 919 977 979 id
1000 928 1046 981 est
1068 919 1196 983 lactuca·

182 1027 249 1070 rum
278 1013 440 1070 murturias
468 1009 591 1069 elixatas
619 1018 649 1069 ct
685 1008 807 1087 frigidas
834 1026 904 1069 cum
931 1007 1047 1069 modico
1076 1009 1137 1070 sale
1167 1021 1197 1072 et

183 1099 344 1158 cisterninu
368 1115 443 1176 aqua
467 1105 497 1158 et
520 1098 585 1157 oleo
609 1114 701 1176 spano
725 1105 755 1157 et
777 1104 861 1158 aceto
884 1099 916 1156 in
939 1095 1006 1156 cibo
1029 1095 1122 1178 dabis,
1146 1109 1197 1160 aut

143 1197 169 1236 1⁰
183 1184 369 1246 cucurbitam
387 1187 511 1248 incisam
529 1203 598 1246 cum
617 1203 672 1248 suo
691 1187 773 1246 corio
792 1185 929 1246 elixatam
947 1184 1083 1246 similiter
1101 1186 1197 1268 dabis,

182 1275 208 1334 si
236 1283 335 1335 tamen
362 1276 453 1335 nimia
482 1275 573 1336 luerit
600 1275 674 1336 sitis.
716 1275 742 1334 si
769 1291 840 1336 vero
863 1274 928 1334 sitis
951 1274 1072 1334 minime
1096 1274 1197 1356 luerit,

182 1380 242 1424 non
265 1361 380 1442 frigidis
403 1363 456 1424 sed
479 1361 608 1424 humidis
631 1370 747 1424 tantum
765 1361 840 1426 cibis
863 1363 992 1441 nutries,
1015 1361 1045 1422 id
1064 1371 1112 1424 cst
1131 1381 1193 1424 sor·

181 1449 290 1512 bilibus
313 1449 406 1512 multa
429 1468 505 1530 aqua
527 1449 645 1528 solutis,
671 1458 704 1512 ut
726 1458 796 1512 sunt
818 1452 966 1530 ptisanae,
988 1467 1042 1510 ova
1065 1450 1197 1532 sorbilia,

182 1540 275 1599 micae
297 1541 382 1618 panis
406 1538 564 1620 diligenter
582 1539 678 1600 elutae
697 1548 728 1600 et
746 1547 846 1600 cetera
869 1555 945 1618 quae
968 1540 999 1598 in
1023 1537 1195 1602 sorbitioni-

142 1638 168 1678 15
181 1625 238 1688 bus
261 1627 397 1690 similiter
420 1630 616 1707 accipiuntur.

269 1715 386 1780 alimma
405 1717 590 1797 lexipyrotou
608 1716 638 1776 id
661 1724 706 1778 est
728 1718 885 1795 perunctio
905 1715 941 1776 ad
960 1714 1059 1776 febres
1074 1719 1196 1778 aestatis

180 1812 327 1884 tompore,
355 1807 381 1866 si
408 1823 497 1884 aeger
524 1806 615 1864 nimio
644 1803 773 1866 febrium
801 1811 885 1866 aestu
915 1803 1021 1865 bullire
1052 1808 1196 1886 coeperit,

180 1901 211 1952 et
232 1895 326 1971 magis
348 1895 380 1952 in
404 1899 500 1952 aetate
523 1893 658 1952 ferventi,
695 1891 881 1954 cucurbitam
904 1891 1027 1954 viridem
1050 1891 1140 1954 rades
1163 1899 1194 1954 et

180 1983 246 2040 eius
274 1983 416 2042 corticem
445 1981 595 2059 exprimes
625 1987 655 2040 et
683 1979 827 2060 adiunges
855 1999 961 2042 sucum
988 1998 1061 2043 uvae
1091 1982 1196 2042 imma-

140 2081 166 2121 20
180 2075 264 2128 turae
297 2077 328 2130 el
343 2075 476 2136 ,acetum
508 2066 656 2128 excellens
689 2076 719 2129 et
750 2068 850 2130 oleum
885 2086 1041 2130 rosaceum
1078 2071 1196 2150 aequali

1106 2169 1125 2204 0

251 2317 265 2364 1
286 2312 384 2366 venter
402 2327 458 2364 non
476 2309 575 2364 iecerit
589 2327 624 2378 p:
643 2311 770 2365 venirem
787 2326 845 2364 non
862 2309 980 2364 fecerint
994 2327 1016 2366 c.
1087 2309 1196 2367 clisberi

180 2383 337 2451 (usupra)
355 2398 377 2436 c.
469 2386 486 2434 4
504 2380 590 2434 Aliud
609 2397 636 2448 c,
658 2380 715 2435 eliu
730 2397 761 2450 p.
852 2380 963 2436 elisterc
987 2380 1152 2451 lixoperitus
1172 2400 1196 2449 c,

179 2449 270 2517 clislc¹
287 2451 404 2521 (-tore)
423 2451 562 2521 lexprotp
586 2451 645 2519 (ubi
667 2451 819 2534 lexperitns
841 2452 892 2507 dcl.
913 2452 967 2521 ρο).
1061 2458 1196 2509 daucum
1282 2499 1283 2508 ,

180 2522 252 2591 (—c)
261 2537 297 2590 p:
317 2520 405 2576 Suom
424 2526 476 2576 c·
518 2520 630 2590 plisane
642 2538 677 2591 p:
700 2523 812 2590 trpsene
832 2539 853 2578 c.
926 2522 1149 2578 ocemomallini
1163 2541 1195 2594 p,

180 2591 295 2646 oolnolli
313 2593 376 2661 (sic)
394 2607 417 2647 c.
508 2589 589 2647 suffio
607 2607 633 2662 c,
653 2588 748 2650 suffici
766 2593 896 2662 (-citnr)
911 2609 942 2662 p.
1033 2599 1049 2647 ‘t
1069 2593 1133 2650 cibo
1151 2613 1195 2650 re·

178 2662 254 2717 ficies
274 2678 300 2717 c:
320 2663 382 2718 cibo
401 2664 431 2717 el
448 2661 553 2732 frigido
569 2662 651 2732 potui
669 2663 745 2719 refici
758 2681 789 2734 p.
872 2664 997 2738 lactucas
1016 2680 1125 2720 memes
1144 2666 1195 2720 eli-

178 2753 259 2808 xnlos
277 2769 305 2822 c,
323 2751 498 2808 lactucarum
516 2749 675 2806 mdlumrias
695 2753 758 2821 (sic,
780 2753 813 2808 e‘u
831 2770 917 2824 rnarp.
932 2759 968 2822 1²⁰
985 2758 998 2808 i
1017 2749 1035 2808 ἃ
1053 2733 1194 2810 molarios
1283 2737 1284 2779 t

179 2828 300 2914 {lxxem
319 2858 340 2911 p
363 2841 410 2912 (cf.
430 2841 552 2896 Plotium.
576 2855 621 2910 ap.
644 2840 705 2897 Aet.
725 2847 755 2907 ὃ,
775 2847 808 2897 78
833 2844 949 2906 καυλοῖς
969 2837 1119 2911 oportune
1139 2840 1195 2900 ἄπ-

179 2913 339 2984 εζεσμὲνοις
356 2906 419 2982 μετ’
439 2906 597 2980 drauum
616 2906 761 2981 ὖδαροῦς).
846 2919 862 2966 9
882 2929 969 2984 spano
986 2929 1028 2982 cp.
1112 2921 1146 2970 10
1165 2919 1196 2970 ei

179 2983 265 3053 (elix)
284 3001 306 3040 c.
398 2989 432 3040 11
451 2982 483 3054 ὃς
502 2986 534 3038 tn
552 2983 620 3039 sin.
640 2998 666 3050 o,
686 2982 761 3038 silfi
777 3001 804 3038 n.
819 3001 850 3054 p.
923 2990 1009 3039 mima
1026 2985 1195 3054 alluerit

177 3071 235 3108 non
252 3054 285 3110 fr.
304 3070 332 3122 c,
355 3053 470 3110 minime
488 3054 610 3127 incribrjr
632 3069 689 3108 non
713 3053 745 3110 fr.
760 3070 783 3124 p
809 3056 883 3124 (sort.
902 3069 954 3111 scr.
973 3052 1089 3111 minime
1107 3055 1195 3112 fuerit

177 3127 247 3179 nats
264 3123 392 3193 nonin).
466 3131 498 3178 12
516 3127 639 3180 tantum:
658 3127 701 3180 iffi
719 3142 742 3193 c,
760 3129 793 3180 tn
811 3127 927 3197 (umen)
937 3142 968 3194 p.
1041 3125 1131 3182 nutris
1150 3144 1193 3196 cp.

181 3201 213 3250 13
232 3196 265 3249 ut
282 3195 359 3249 aunt:
377 3195 395 3249 i.
415 3195 455 3262 (id
473 3197 527 3264 est)
546 3211 586 3264 cp.
659 3195 764 3264 plisima
775 3214 807 3266 p,
824 3197 935 3268 tipsane
954 3213 976 3252 c.
1051 3204 1085 3251 14
1103 3197 1194 3254 mices

178 3283 200 3333 c,
219 3265 318 3322 micros
332 3281 364 3334 p.
437 3265 528 3320 elutos
546 3281 587 3334 cp.
662 3271 694 3320 15
716 3267 859 3338 occipiunt
876 3284 899 3322 c.
973 3273 1006 3324 16
1025 3268 1151 3324 Alimimx
1170 3287 1194 3334 c,
1281 3291 1282 3303 ¹

178 3335 262 3410 Allius
280 3353 321 3423 (ig
334 3355 380 3424 ρο)
395 3369 426 3422 p.
508 3353 676 3424 lexiperiton
694 3372 736 3425 cp.
826 3355 918 3411 febres
936 3373 962 3423 e,
981 3355 1035 3411 feb'
1051 3373 1083 3426 p.
1159 3365 1193 3413 18

177 3425 268 3496 megia
282 3441 318 3494 pa
337 3423 459 3479 maximo
477 3440 500 3480 c.
578 3424 705 3482 fomento
724 3443 746 3481 c.
818 3426 894 3482 rodis
907 3444 942 3496 p,
958 3427 1042 3486 :cdix
1060 3444 1082 3484 c.
1158 3436 1193 3484 19

178 3495 309 3568 exprimis
329 3511 369 3566 cp.
442 3495 571 3566 adiungis
585 3511 621 3566 p,
638 3496 783 3568 mongum
801 3513 824 3554 c.
