2558 4022
183 513 188 524 ,
260 441 448 530 Incipiunt
475 437 628 528 capitula
654 435 756 508 Iulus
783 437 867 510 libri

416 563 502 654 (seo.
531 557 634 632 eodd.
661 561 733 652 po).

65 857 79 910 I
99 855 145 910 Ad
163 855 266 925 oapiIis
287 854 412 910 dolorem
431 854 547 925 (oepha
601 852 704 908 XXXV
722 853 766 908 Ad
789 855 930 909 tumorem
950 851 1081 907 [andum.

102 927 179 980 leam
193 928 245 996 cp).
601 922 720 978 XXXVI
737 924 783 979 Ad
799 923 1002 980 nloorafionsm
1020 923 1081 977 fau·

65 997 93 1052 11
112 997 157 1052 Ad
175 996 266 1052 tineas
285 995 395 1066 eapitis.
637 995 720 1049 oium.

66 1068 107 1121 III
126 1068 170 1121 Ad
188 1067 340 1137 pediculos.
600 1065 730 1120 XXXVII
747 1065 793 1120 Ad
811 1064 973 1122 sinanoioon

65 1135 547 1207 IIIIAdoapillorumdefluxionsm.
601 1135 746 1190 XXXVIII
764 1136 808 1190 Ad
826 1136 974 1192 tetanioos.

66 1209 92 1263 V
110 1207 154 1262 Aa
174 1208 333 1278 alopioiam.
521 1271 525 1278 λ
600 1206 759 1262 XXXVIIII
776 1206 820 1260 Ad
841 1205 1020 1278 emoptoioos.

66 1279 106 1333 VI
124 1278 169 1333 Ad
187 1278 363 1334 cantabriam
382 1295 415 1333 oa
434 1277 493 1333 itis.
601 1277 649 1332 XL
668 1275 713 1332 Ad
730 1277 874 1348 pthisicos.

66 1349 120 1404 VII
137 1350 183 1405 Ad
197 1351 291 1405 ionius
304 1349 323 1404 i.
338 1349 416 1418 papil
477 1364 548 1418 quae
601 1347 664 1402 XLI
682 1348 727 1404 Ad
745 1348 916 1404 asimatioos.

103 1419 133 1474 in
152 1421 234 1475 vultu
251 1421 411 1474 naseuntur.
601 1417 677 1473 XLII
694 1419 741 1473 Ad
759 1419 896 1474 stomachi
915 1417 1067 1488 passiones.

66 1489 133 1544 VIII
152 1491 197 1544 Ad
214 1490 339 1544 maculas
357 1489 445 1545 aibas.
601 1489 692 1544 XLIII
722 1489 767 1543 Ad
804 1490 989 1560 splenetioam
1020 1506 1082 1560 pas·

66 1560 149 1614 VIIII
167 1560 213 1613 Ad
230 1559 357 1613 maoulas
374 1559 477 1628 nigras.
639 1559 754 1614 sionem.

66 1631 94 1685 X
113 1630 159 1684 Ad
177 1630 335 1699 perniones.
603 1627 707 1683 XLIIII
716 1629 908 1698 Adepatioam
913 1631 1083 1700 passionem.

66 1701 108 1756 XI
125 1700 171 1755 Ad
190 1698 372 1770 Impetigines
390 1697 407 1754 i.
427 1716 531 1756 sernas.
604 1698 680 1753 XLV
698 1699 859 1754 Adranam
877 1701 1010 1756 dolorem.

66 1772 120 1826 XII
138 1771 184 1825 Ad
202 1787 343 1826 verrucas.
604 1769 692 1824 XLVI
709 1769 755 1824 Ad
773 1769 883 1828 vesicae
901 1771 1051 1842 passiones.

67 1841 134 1898 XIII
151 1841 196 1896 Ad
215 1841 360 1912 stigmata
602 1840 705 1895 XLVII
713 1840 758 1895 Ad
768 1841 916 1897 solorioam
923 1841 1084 1912 passionem

67 1912 148 1968 XIIII
165 1912 210 1966 Ad
228 1911 307 1966 labia
324 1910 441 1967 hiantia.
638 1914 668 1966 ot
685 1911 878 1968 defluxionem.

68 1983 119 2038 XV
137 1981 183 2037 Ad
205 1981 335 2037 soabiem.
602 1981 718 2037 XLVIII
735 1982 780 2036 Ad
799 1983 988 2039 disenteriam.

68 2053 134 2107 XVI
152 2053 197 2107 Ad
215 2052 397 2124 pruriginem.
601 2053 731 2108 XLVIIII
749 2053 793 2108 Ad
811 2053 949 2111 isterisos.

68 2123 148 2178 XVII
165 2124 211 2178 Ad
228 2124 380 2194 parotidas.
602 2123 624 2177 L
643 2124 687 2178 Ad
704 2124 811 2179 ventris
834 2126 864 2180 et
885 2124 1082 2180 intestinorum

68 2193 160 2249 XVIII
177 2194 221 2249 Ad
240 2193 430 2249 collectiones.
637 2193 858 2249 reumatismum.

68 2264 175 2319 XVIIII
193 2264 237 2318 Ad
255 2263 431 2335 pendigines.
603 2264 640 2317 LI
657 2263 701 2318 Ad
720 2263 839 2319 colicam
858 2267 887 2319 et
905 2263 1028 2320 iliacam.
1123 2293 1125 2296 ·

68 2335 121 2389 XX
139 2335 183 2388 Ad
201 2335 316 2391 fistulas.
602 2334 653 2389 LII
661 2335 706 2388 Ad
716 2335 872 2405 podagram
879 2337 909 2390 et
917 2335 1082 2390 artritioam.

69 2405 136 2460 XXI
154 2405 198 2460 Ad
217 2405 394 2476 empiemata.
602 2404 666 2459 LIII
690 2405 735 2461 Ad
762 2405 924 2462 isoiadioam
952 2408 982 2461 et
1009 2406 1083 2478 psia-

69 2475 149 2530 XXII
168 2476 213 2530 Ad
231 2475 422 2532 carbunculos.
639 2475 739 2532 diuam.

69 2546 161 2601 XXIII
179 2547 225 2600 Ad
242 2563 347 2602 reuma.
602 2545 678 2601 LIIII
697 2547 742 2601 Ad
759 2547 912 2617 paralisim.

68 2616 173 2671 XXIIII
192 2617 237 2671 Ad
254 2617 350 2688 ignom
368 2633 485 2672 ssorum.
602 2617 652 2671 LV
669 2617 715 2672 Ad
734 2620 907 2686 quartanam.

68 2687 147 2742 XXV
164 2688 208 2741 Ad
228 2703 353 2754 araneas.
603 2687 667 2743 LVI
685 2687 730 2744 Ad
749 2688 946 2745 emitriIssnm.

69 2758 161 2812 XXVI
179 2757 224 2812 Ad
242 2758 354 2812 scrofas.
511 2769 518 2784 ·
603 2757 679 2812 LVII
715 2759 760 2814 Ad
798 2761 891 2830 tipum
930 2757 1083 2815 teramum

69 2828 174 2883 XXVII
192 2827 237 2882 Ad
255 2829 433 2884 steatomata.
638 2829 827 2886 manifestum.

69 2898 187 2953 XXVIII
205 2899 249 2953 Ad
268 2899 376 2954 anunm
395 2899 527 2956 dolorem.
603 2899 691 2955 LVIII
704 2901 750 2956 Ad
763 2900 856 2970 tipum
865 2899 1018 2955 temanum
1027 2915 1084 2954 uon

69 2968 203 3024 XXVIHI
232 2969 277 3023 Ad
309 2971 454 3025 ooulorum
485 2987 548 3041 pas·
638 2971 828 3026 manifestum,

106 3039 205 3094 aiones.
603 3040 705 3094 LVIIII
728 3041 773 3095 Ad
790 3039 883 3110 tipum
902 3039 1082 3099 codidianum.

70 3111 148 3164 XXX
165 3110 210 3164 Ad
228 3110 334 3164 fluxum
352 3111 496 3181 sanguinis
515 3127 549 3166 ex
603 3111 653 3165 LX
670 3111 715 3166 Ad
734 3111 876 3168 efemeras.

104 3180 227 3236 naribus.
602 3181 666 3236 LXI
683 3181 728 3237 Ad
747 3200 858 3239 causon.

69 3250 160 3305 XXXI
178 3251 223 3304 Ad
245 3250 373 3321 polipum
391 3253 421 3306 et
439 3268 549 3308 osenas.
602 3253 678 3308 LXII
696 3255 741 3310 Ad
759 3255 916 3310 Itenetioos.

70 3321 174 3376 XXXII
191 3323 236 3376 Ad
254 3323 381 3377 dentium
400 3323 535 3379 dolorem.
603 3323 692 3380 LXIII
709 3325 754 3380 Ad
772 3324 924 3394 litargioos.

70 3392 187 3446 XXXIII
205 3392 250 3447 Ad
267 3393 367 3448 tussim
386 3393 540 3450 humidam.
604 3395 705 3449 LXIIII
723 3395 768 3450 Ad
786 3395 937 3451 sardianos.

70 3461 200 3519 XXXIIII
219 3464 263 3518 Ad
281 3463 381 3518 tussim
400 3463 532 3520 aridam(
604 3465 679 3519 LXV
698 3466 742 3520 Io
760 3466 946 3537 apoplexiam.
