2558 4022
571 172 789 238 ..42-

173 327 199 380 1
221 319 272 396 Vl,
295 335 416 399 spumae
440 318 555 398 argenti
579 322 605 374 t.
628 315 696 398 llil,
719 335 858 381 cerussae
883 323 908 376 t.
927 319 968 400 11,
991 319 1048 380 olei
1072 322 1182 382 rosacei

172 406 222 472 llh.
246 408 268 490 1,
291 425 364 468 urae
392 405 511 485 lupinae
534 410 560 462 1-
582 405 656 468 vlit
698 405 755 471 hoc
782 407 1033 470 medicamentum
1062 408 1134 470 iacit
1155 416 1183 468 et

172 498 208 560 ad
232 497 371 576 herpetas
394 494 452 558 hoc
474 503 520 556 ost
543 495 744 574 serpusculos.

505 687 590 748 XXV.
627 689 674 749 Ad
697 707 857 751 araneas.

145 827 158 866 ⁵
261 816 391 878 Araneas
415 814 559 874 Graecia
583 813 729 894 serpendo
757 813 836 894 quod
864 813 971 896 herpin
995 814 1102 876 dicunt
1124 815 1185 875 hcr-

171 914 255 985 petas
274 905 391 985 dicunt,
414 921 469 963 nos
487 919 558 962 vero
578 901 714 962 similiter
732 901 823 964 latino
843 921 980 964 sermone
1000 905 1081 966 sicut
1099 921 1185 983 supra

81 1015 104 1056 r·
118 1005 158 1044 20³
172 994 301 1054 diximus
329 1011 344 1052 a
373 989 520 1070 serpendo
544 989 735 1070 serpusculos
763 991 960 1054 nominamus.
981 988 986 1072 Ι
1006 999 1037 1052 01
1061 993 1186 1053 efficitur

172 1080 228 1142 sub
265 1082 379 1159 ingenti
414 1079 552 1140 acredine
590 1095 623 1138 ac
656 1078 754 1138 calore
791 1077 868 1139 fellis
900 1097 967 1140 cum
1000 1080 1185 1160 pustularum

172 1170 492 1250 superinsurrectione.
542 1174 588 1226 est
620 1174 650 1228 et
681 1165 760 1228 aliud
792 1185 887 1248 genus
918 1167 1068 1250 herpetis‚
1102 1185 1186 1248 quem

132 1269 158 1310 1⁰
172 1257 277 1318 Graeci
310 1256 463 1318 cenchrias
495 1262 615 1336 vocant,
647 1256 672 1314 si
706 1255 825 1336 quidem
858 1257 888 1316 in
921 1257 1082 1336 superficie
1114 1259 1186 1318 cutis

171 1345 307 1425 pustulas
330 1347 459 1405 minutas
478 1343 558 1404 milio
578 1341 690 1404 similes
708 1343 851 1406 ostendit:
875 1362 963 1424 quam
984 1343 1085 1406 Latini
1104 1345 1185 1423 vulgo

171 1452 309 1494 araneam
332 1434 479 1493 verrinum
503 1439 617 1492 vocant

259 1524 291 1583 in
323 1519 527 1583 narrationibus
559 1529 660 1582 autem
691 1519 827 1582 similiter
860 1527 894 1582 ut
926 1521 1105 1602 erysipelate
1142 1539 1185 1581 su-

170 1611 273 1692 perius
296 1610 423 1672 curabis.

132 1781 158 1820 ic
501 1767 600 1827 xxvi.
637 1768 685 1828 Ad
709 1769 857 1830 serulae.

262 1892 381 1954 Seroias
423 1890 528 1952 Graeci
569 1890 705 1952 chiradas
745 1900 853 1954 vocant
888 1891 1013 1956 duritias
1056 1891 1185 1980 rotundo

172 1980 321 2044 schemate
349 1988 433 2043 natas
461 1986 492 2040 et
519 1976 618 2040 nervis
649 1987 738 2060 atque
767 1983 884 2050 arteriis
907 1983 991 2044 renis
1013 1988 1045 2042 et
1068 1999 1184 2046 muscu-

171 2069 243 2131 losis
265 2067 445 2132 membranis
469 2070 714 2133 connaturatione
737 2071 855 2150 infixas,
883 2069 963 2150 quod
986 2069 1094 2140 Graeci
1125 2077 1185 2130 cata

171 2159 305 2240 synlysin
331 2166 445 2219 vocant.
487 2165 613 2218 etcum
641 2156 821 2236 glandulosis
848 2159 880 2218 in
909 2157 983 2218 locis
1005 2160 1036 2218 io
1061 2167 1185 2237 utraque
1238 2177 1239 2270 p

132 2256 158 2296 20
172 2250 302 2327 gutturis
328 2254 413 2327 parte
442 2247 554 2307 luerint
581 2254 681 2327 natae,
709 2247 798 2306 sicuti
827 2247 890 2306 suis
919 2247 1046 2306 feminae
1070 2245 1185 2326 turgida
1238 2283 1239 2324 ,

171 2335 246 2396 00110
274 2353 341 2396 cum
374 2333 476 2394 dolore
504 2334 679 2415 ostendunt,
711 2333 790 2396 unde
822 2335 888 2414 ipso
920 2337 1039 2394 nomine
1072 2335 1184 2396 scrofae

1238 2469 1239 2508 t

243 2563 256 2610 1
278 2556 340 2611 oleo
358 2571 423 2610 roso
441 2555 505 2623 (sio)
522 2573 549 2626 9,
568 2554 624 2610 olei
640 2555 714 2610 rosei
732 2559 781 2624 (ro.
796 2558 830 2626 p)
849 2574 890 2626 cp.
999 2563 1015 2610 2
1039 2557 1088 2614 lrh.
1113 2559 1134 2613 1.
1161 2573 1184 2627 9,

170 2626 233 2682 lihr.
252 2625 266 2679 I
284 2643 307 2696 0,
326 2626 353 2682 1’.
373 2625 393 2680 Ι.
408 2643 439 2695 p.
512 2632 528 2680 3
549 2629 660 2696 erpetes
674 2643 710 2696 p:
729 2627 865 2682 herbencs
883 2646 909 2700 9,
927 2627 1058 2685 hertenas
1074 2645 1098 2684 c.
1170 2634 1183 2682 5

170 2698 276 2768 harpen
298 2715 328 2769 9,
354 2696 455 2767 herpin
479 2713 493 2751 c
516 2699 555 2765 (q.
578 2697 605 2751 h.
624 2695 651 2752 d.
675 2714 725 2754 om.
745 2715 781 2768 p,
804 2715 900 2768 erpem
923 2699 990 2756 Sim.
1014 2716 1035 2756 0.
1057 2703 1185 2767 araneae)

170 2770 350 2842 herpennsp,
369 2768 602 2839 herpepehicosp
622 2770 682 2838 (om.
703 2785 726 2835 0,
748 2769 880 2838 herpetas
898 2768 1033 2826 Simone.
1052 2772 1098 2841 0.).
1170 2777 1183 2823 ‘i
1238 2757 1239 2810 1

169 2843 338 2914 serpiginem
362 2841 459 2896 Simon
481 2855 502 2894 0.
526 2839 648 2908 herpetas
672 2840 718 2922 (οἶ.
745 2840 841 2894 Isidos
864 2839 927 2910 IV,
950 2846 982 2906 8,
1007 2847 1024 2896 5
1048 2843 1183 2914 serpedo).

170 2917 243 2970 11οῆ.
262 2932 280 2985 9
300 2915 330 2982 (ι’.
350 2931 370 2968 e.
390 2911 566 2968 nominamus
580 2915 623 2980 p),
643 2912 849 2969 nominavimus
868 2929 890 2966 c.
964 2915 1076 2982 sac'p:
1096 2915 1126 2968 01
1144 2928 1182 2980 op.
1238 2935 1239 2958 ι

170 2999 192 3037 c.
211 3003 238 3054 p.
258 2983 385 3040 extantia
403 2984 475 3038 Isid.
528 2982 813 3080 ι9110000011099,
833 2982 937 3052 erpetis
956 2999 978 3038 0.
1070 2988 1104 3037 10
1123 2999 1183 3038 cen·
1238 2973 1239 3018 3

170 3071 241 3126 orias
259 3088 285 3140 9,
303 3069 405 3125 tectior
423 3088 446 3137 0,
464 3087 564 3126 ceucas
578 3088 609 3140 p.
706 3076 739 3124 12
759 3086 863 3125 aranea
880 3070 992 3131 ven-ina
1010 3074 1107 3138 (renea
1124 3088 1182 3126 ver-

169 3141 228 3198 mia
250 3145 275 3210 c)
297 3158 327 3212 9,
351 3147 404 3194 -n
422 3157 445 3208 p
464 3139 564 3207 (tineae
590 3140 702 3196 verines
721 3141 807 3210 stc).
918 3148 951 3196 13
971 3141 1126 3211 erisipilato
1142 3157 1182 3210 90,

171 3212 265 3281 -9110
278 3229 309 3280 p.
415 3217 456 3264 10
467 3211 508 3263 tit.
528 3210 572 3264 hd
591 3211 719 3294 soroph(i
730 3214 788 3280 clas
805 3229 848 3283 90,
865 3213 907 3268 De
926 3211 1089 3282 scrofuliep
1109 3216 1181 3280 (mos

171 3283 281 3338 Scrofae
290 3286 362 3352 909).
438 3286 471 3334 16
481 3280 610 3335 chiradas
621 3298 666 3352 pp,
680 3282 794 3337 hrradas
807 3300 829 3339 0.
904 3287 936 3337 18
951 3283 1142 3340 coniuratione
1152 3299 1182 3352 p:

170 3358 205 3409 cd
222 3352 411 3408 maturatione
429 3368 453 3420 0,
472 3355 556 3406 matti
571 3369 600 3421 p.
704 3353 876 3408 catasinfisin
893 3371 939 3425 99,
957 3353 1143 3410 catasmisinin
1160 3369 1181 3407 0.

169 3430 204 3480 10
222 3422 292 3480 suis:
312 3439 433 3494 000090,
452 3440 549 3492 uoep.
621 3430 654 3478 21
677 3423 778 3478 ostend
795 3442 820 3494 9.
