2558 4022
151 324 263 388 codicis
284 323 460 383 Parisiensis
479 321 527 382 lat.
548 318 648 402 6114,
672 323 771 400 ipsum
790 321 924 382 codicem
942 322 1059 400 inspexi
1078 339 1167 400 quem

151 413 222 473 elim
249 412 364 480 viderat
386 411 523 472 labbeus
551 419 640 489 atque
669 410 732 471 loca
763 409 908 489 quaedam
931 427 1000 470 cum
1022 411 1107 470 initio
1132 427 1167 468 ex

152 519 187 562 eo
215 508 354 578 excerpta
386 518 504 561 mecum
532 493 690 580 abstuli.*)
741 497 848 558 deiude
864 513 900 558 a.
927 494 1012 560 1865
1040 498 1168 558 eundem

152 597 305 650 auctorem
328 589 397 649 licet
416 605 595 668 anonymum
618 595 648 648 et
671 587 829 648 confusum
847 595 877 646 et
900 586 1021 648 dimidia
1040 587 1102 647 lere
1122 588 1168 646 sui

151 686 237 757 parte
261 685 433 738 truncatum
456 685 556 738 extare
583 675 643 736 ridi
665 677 697 735 in
721 675 823 736 codice
849 674 877 735 S.
897 675 972 736 Galli
994 672 1056 736 105
1080 683 1168 754 atque

153 783 189 826 ex
212 766 269 826 hoe
293 765 455 844 exemplari
477 773 629 844 tamquam
651 781 687 824 ex
711 772 794 825 certo
823 764 951 842 quodam
977 763 1168 824 fundamento
1267 837 1268 842 ἵ

153 855 202 915 edi
225 872 313 932 posse
337 853 477 914 intellexi.
514 853 594 914 hunc
618 855 729 913 iterum
755 854 787 912 in
810 851 943 912 llelvetia
968 859 1168 912 commoratus

153 943 300 1020 descripsi
323 961 348 1002 a.
374 939 458 1003 1869
487 935 652 1024 (12-18.
677 934 779 1023 Aug),
807 940 955 1019 descripsi
977 939 1169 1000 1111111111-

154 1033 284 1092 siensem
308 1030 344 1090 ad
367 1048 414 1090 me
437 1031 648 1092 transmissum
670 1028 842 1090 Berolinum
865 1047 890 1089 a.
916 1025 1015 1108 1870,
1041 1028 1169 1107 denique

153 1119 190 1180 ad
214 1128 375 1198 utrumque
399 1117 512 1179 centuli
535 1117 809 1196 Cantabrigierrsem
837 1111 889 1200 (de
914 1135 973 1196 quo
997 1135 1057 1178 une
1080 1115 1170 1177 verba
1267 1169 1268 1178 2

154 1208 225 1268 lecit
245 1207 426 1286 daremberg
443 1210 475 1267 in
494 1207 539 1268 ed.
558 1205 688 1268 Oribasii
706 1215 726 1266 t.
746 1205 758 1266 l
777 1225 805 1284 p.
825 1199 891 1289 XL)
911 1224 1000 1284 quem
1019 1213 1049 1265 et
1071 1207 1171 1284 ipsum
1267 1201 1268 1204 ’

154 1314 209 1375 per
236 1305 299 1356 tres
327 1296 388 1356 lere
416 1313 535 1356 menses
562 1313 655 1373 penes
683 1312 730 1354 me
758 1293 849 1355 habui
872 1293 1003 1354 Berclini
1026 1311 1050 1353 a.
1078 1289 1170 1354 1873.
1267 1355 1268 1382 ,

155 1402 191 1444 ex
223 1384 322 1445 tribus
353 1384 401 1444 his
433 1383 587 1445 codicibus
618 1401 694 1462 quos
726 1382 805 1443 solos
833 1385 902 1443 novi
929 1391 1060 1444 veterem
1091 1381 1171 1442 hunc

155 1473 320 1533 medicinae
348 1480 501 1534 auctorem
528 1473 647 1533 restitui
675 1489 691 1531 a
722 1465 873 1552 tereste,
904 1471 997 1550 relegi
1023 1489 1048 1530 a.
1078 1467 1172 1532 1878.
1267 1523 1268 1526 ,

156 1579 245 1644 quem
264 1579 344 1622 nune
364 1561 428 1640 edo,
452 1560 552 1621 labore
572 1559 692 1639 quidem
714 1561 837 1639 privatis
861 1561 938 1620 vitae
959 1561 1041 1622 curis
1065 1557 1172 1619 sellici-
1267 1583 1268 1630 1

155 1650 371 1728 tudinibusque
398 1667 486 1729 saepe
514 1652 683 1726 interrupto
712 1656 800 1728 atque
828 1649 860 1709 in
888 1647 986 1708 Felice
1015 1656 1048 1708 ut
1076 1647 1172 1706 fateor
1267 1641 1268 1710 ξ

106 1797 107 1804 ,
157 1741 229 1798 satis
253 1738 372 1798 infelici.

246 1879 411 1938 Berolini
435 1881 487 1939 30.
506 1877 570 1940 001.
596 1881 691 1939 1878.

801 2021 1003 2080 Valentinus
1025 2020 1125 2077 ane.
1229 2070 1235 2077 ,
1267 2065 1268 2072 ,

229 2207 255 2278 *)
279 2211 427 2278 propterea
450 2205 538 2262 Cassii
566 2205 737 2262 mentionem
759 2204 815 2261 feci
837 2207 870 2260 ul
891 2205 948 2260 iam
971 2204 1002 2258 in
1020 2201 1173 2258 Aristotele
1267 2223 1268 2242 2

159 2277 404 2348 Peeudepigrapho
427 2297 454 2348 p.
475 2283 526 2334 1188
550 2277 590 2332 aie
609 2279 638 2332 11
660 2277 691 2332 in
708 2277 860 2332 Anecdotie
878 2276 917 2344 Π,
938 2280 996 2330 115.
1018 2279 1082 2341 161,
1101 2273 1175 2328 unde
1267 2277 1268 2284 ’

159 2350 209 2418 qui
233 2349 340 2418 primus
366 2349 493 2404 Cassium
515 2347 650 2402 historiae
673 2347 832 2404 littemmm
855 2347 1019 2402 Latinarum
1041 2343 1175 2410 restituit,
1267 2383 1268 2386 ,

159 2419 288 2476 notitiam
297 2419 400 2476 habuit
409 2419 436 2473 S.
447 2417 556 2474 Teuffel
565 2417 673 2486 (Geech.
690 2417 739 2472 der
748 2417 828 2474 Rom.
838 2417 905 2472 titt.
935 2417 1003 2472 8.A.
1023 2415 1088 2486 Lpz.
1105 2420 1173 2470 1875

159 2509 187 2562 p.
213 2495 281 2546 1088
310 2491 359 2560 sq.)
388 2507 451 2545 eum
481 2488 577 2544 Cassio
600 2487 651 2544 illo
675 2487 754 2543 cuius
779 2487 854 2558 apud
878 2485 989 2542 Celsum
1012 2485 1118 2541 mentio
1141 2486 1175 2540 111
1267 2519 1268 2542 t

158 2563 233 2616 hunc
252 2563 379 2615 nostrum
401 2561 475 2616 male
501 2559 672 2616 confundens
695 2561 805 2628 (utpote
825 2558 1054 2628 „translatum“)‚
1073 2556 1174 2612 eodem

160 2647 252 2688 errore
271 2648 326 2701 quo
345 2631 403 2686 iam
421 2632 533 2702 lapsum
551 2629 672 2686 vidimus
691 2629 833 2686 Simonem
852 2629 1030 2685 laudensem.
1118 2639 1121 2645 ’
