2588 4028
504 233 796 297 ·-158-

259 380 407 440 confectio
436 379 575 439 cerotarii
598 379 740 457 stypticae
764 379 884 438 virtutis
913 379 1093 440 conveniens
1117 397 1183 460 syn·
1287 399 1288 458 y

170 485 243 547 copo
271 465 482 528 laborantibus.
523 467 631 546 recipit
657 473 796 544 granatae
823 467 920 526 siccae
950 469 1071 528 corticis
1094 465 1116 532 5
1137 467 1184 550 vl,
1287 463 1288 468 ’

170 555 307 617 aluminis
330 557 416 617 scissi
438 554 460 622 3
483 555 510 635 l,
534 569 620 616 cerae
643 552 664 620 3
688 552 756 635 llll,
780 552 838 614 olei
859 553 1009 618 lentiscini
1032 563 1084 616 aut
1104 573 1182 636 myr-

169 646 225 705 tini
247 657 283 705 ÷
306 644 355 706 111.
378 645 470 705 iacies
493 645 545 704 sio.
585 648 724 721 granatae
748 643 863 703 corium
885 641 994 704 tondes
1018 651 1049 704 ct
1071 647 1183 706 teutria·

144 735 244 793 5sime
272 751 392 814 cernes,
425 749 494 794 cnm
521 731 649 792 alumine
682 733 714 790 in
741 732 884 792 mortario
911 731 999 792 simul
1027 742 1122 814 teres,
1154 742 1184 794 et

170 823 214 882 sic
238 839 372 882 crassum
396 821 576 882 cerotariurn
599 818 783 881 admiscebis.

466 979 549 1038 LXV.
586 979 634 1038 Ad
659 977 889 1058 apoplexiam.

258 1102 418 1182 Apoplexia
438 1111 484 1164 est
506 1103 585 1164 dicta
607 1103 706 1182 passio
726 1101 761 1162 ab
785 1120 820 1163 co
842 1103 922 1182 quod
942 1105 1096 1166 mortilero
1119 1109 1181 1169 iotu

169 1193 303 1270 corporis
322 1191 410 1251 simul
429 1199 459 1252 et
478 1193 591 1252 animae
611 1189 769 1251 concidant
786 1193 941 1270 patientes.
978 1199 1008 1254 et
1030 1201 1076 1255 est
1097 1213 1182 1276 para·

128 1293 154 1331 10
168 1279 238 1360 lysis
270 1287 356 1340 acuta
388 1297 549 1366 neruorum
581 1281 634 1358 qui
662 1278 785 1358 singulis
816 1279 946 1343 motibus
978 1281 1182 1346 membrorum
1287 1287 1288 1320 r

167 1370 334 1430 inserviunt
352 1385 421 1428 cum
438 1369 529 1430 animi
552 1366 759 1448 compatientis
777 1369 1012 1431 insensibilitate.
1045 1361 1182 1452 sequitur
1287 1447 1288 1458 χ

78 1511 80 1525 f
167 1464 267 1517 autem
289 1457 437 1536 patientes
459 1454 672 1518 insensibilitas
695 1457 787 1517 totius
811 1459 945 1538 corporis
969 1467 999 1519 et
1024 1464 1180 1540 oppressio
1287 1475 1288 1480 ’

167 1543 264 1605 subita
291 1553 410 1624 praeter
438 1547 583 1606 rationem
607 1553 637 1606 et
663 1545 819 1626 paralysis,
846 1555 880 1606 ut
908 1549 997 1608 ctiam
1021 1553 1180 1628 repentino

167 1647 238 1694 casu
261 1633 469 1695 obmutescant
492 1643 522 1695 ct
545 1631 683 1695 sensibus
707 1633 845 1695 omnibus
866 1637 1031 1714 priventur.
1076 1645 1107 1698 et
1130 1639 1181 1700 ali-

126 1734 153 1773 15
167 1724 271 1800 quanti
297 1725 328 1782 in
356 1721 460 1784 dextra
486 1730 571 1802 parte
598 1721 747 1802 paralysin
779 1723 946 1806 patiuntur,
979 1723 1122 1807 aliquanti
1149 1729 1181 1788 in

167 1813 295 1871 sinistra.
338 1818 369 1871 et
396 1819 467 1872 sunt
493 1810 650 1872 distantiae
678 1811 824 1889 passionis
852 1809 935 1873 duae.
973 1831 1040 1874 nam
1070 1814 1181 1877 dicitur

166 1898 319 1976 apoplexia
337 1905 368 1958 et
390 1898 566 1978 paraplexia.
604 1897 656 1958 sed
675 1897 827 1977 apoplexia
851 1917 938 1979 quam
957 1903 1083 1980 primam
1106 1903 1181 1966 dixi·

165 2003 233 2046 mus
251 1987 343 2046 totius
362 1987 498 2064 eorporis
517 2003 583 2046 esse
606 1985 790 2065 intellegitur
809 2005 877 2048 eum
895 1991 1005 2051 mentis
1022 2001 1053 2052 et
1072 2010 1180 2054 sensus

164 2073 304 2154 paralysi,
336 2073 504 2154 paraplexia
531 2091 602 2134 vero
629 2075 661 2134 in
685 2091 743 2135 una
770 2083 855 2155 parte
883 2079 1018 2158 eorporis
1049 2081 1180 2142 allicitur

123 2175 149 2214 20
164 2170 214 2223 aut
237 2161 341 2224 dextra
364 2170 415 2223 aut
438 2165 566 2224 sinistra.
603 2179 671 2223 nam
698 2165 762 2244 ipse
786 2163 1029 2245 Hippocrates
1054 2172 1181 2230 senior

163 2250 333 2330 dogmatum
360 2253 501 2332 princeps
529 2249 603 2332 duas
631 2251 785 2314 distantias
812 2255 959 2333 passionis
988 2256 1124 2318 scribens
1146 2261 1180 2319 in

162 2340 310 2400 alorismis
334 2342 377 2400 sio
400 2343 454 2419 ait,
478 2340 593 2400 solvere
616 2340 800 2420 apoplexiam
826 2343 1018 2405 fortissimam
1040 2347 1179 2425 impossi-

161 2426 236 2507 bile,
258 2427 437 2488 imbecillem
454 2446 530 2499 ¹uero
554 2445 615 2488 non
638 2429 731 2491 facile.

251 2514 288 2574 ob
312 2515 494 2594 diligentiam
518 2534 589 2576 rero
611 2519 774 2579 curationis
797 2522 940 2581 vomitum
969 2524 1179 2602 inpraesenti
1287 2527 1288 2556 ¹

122 2615 148 2656 25
160 2602 335 2682 provocabis
358 2622 395 2665 er
419 2603 569 2685 ydrelaao,
592 2604 622 2664 id
646 2614 692 2666 cst
710 2625 747 2666 ex
765 2625 841 2686 aqua
860 2608 953 2670 calida
972 2618 1002 2670 et
1023 2610 1103 2692 oleo,
1126 2611 1178 2672 ad·

133 2779 136 2786 ’
231 2775 350 2844 tlicp.
424 2777 685 2847 Memoriam.
757 2780 922 2848 antzetep.
995 2781 1176 2850 4†IH.p:

159 2845 242 2906 3111.
261 2861 284 2901 c.
365 2845 542 2916 fecissicpr
561 2863 612 2904 om.
631 2863 653 2904 c.
740 2853 848 2905 btorea
867 2865 1008 2920 caomp.
1091 2852 1177 2907 tad-
1287 2873 1288 2882 ¹

158 2915 259 2970 misces
277 2932 318 2986 cp.
400 2917 477 2972 tDe
495 2918 647 3001 apoplexin
661 2935 690 2988 p.
772 2920 885 2976 8diota
903 2925 946 2976 est
958 2937 988 2990 p.
1001 2933 1011 2938 ··
1076 2929 1179 2977 acon·
1287 2951 1288 2994 j

160 2987 262 3042 eadam
275 3005 305 3057 p.
380 2994 412 3042 11
427 2991 462 3044 cir
476 2989 564 3044 ammi
576 2989 682 3060 paciani
699 2991 942 3054 &sensibilitate
963 3009 985 3062 c,
1005 3009 1069 3048 cum
1087 2993 1178 3049 animi
1287 3021 1288 3024 ¹

159 3060 186 3122 (e
197 3059 236 3127 ai)
250 3057 450 3115 insensibilitas
465 3061 662 3130 compatientis
675 3060 770 3131 passio
782 3069 816 3130 ρο
830 3063 872 3131 (in
886 3079 981 3133 marn,
995 3060 1061 3120 nbat
1074 3079 1124 3120 orn.
1131 3069 1177 3134 p).

160 3133 193 3181 13
211 3128 348 3184 rationem
363 3147 399 3212 p:
421 3129 527 3186 iactam
545 3133 707 3200 (-tionem)
726 3148 748 3186 c.
837 3137 870 3188 15
895 3133 926 3188 in
944 3151 994 3189 om.
1014 3151 1035 3190 c.
1122 3135 1177 3190 ali-

51 3251 56 3260 ,
158 3199 259 3266 quanti
276 3214 303 3253 c:
323 3201 439 3268 quadam
453 3218 484 3270 p.
558 3209 591 3258 18
609 3201 678 3258 totis
699 3202 828 3274 corpibua
847 3219 869 3259 o.
941 3204 1113 3275 intelligitur
1131 3222 1174 3275 ep.

160 3274 192 3323 19
212 3269 340 3342 paralisis
353 3288 385 3340 p,
404 3272 484 3326 -sin
502 3288 524 3328 o.
597 3273 760 3356 paraplexia
778 3289 829 3331 om.
848 3291 893 3360 c..
944 3277 978 3331 20
996 3275 1057 3346 ipse
1075 3291 1127 3332 om.
1167 3319 1175 3332 .

157 3356 280 3537 {lidi
296 3359 323 3481 ἓξ
340 3343 657 3485 diiiibifff‘lia
676 3345 977 3486 dii’alfbfl'ila
996 3352 1178 3488 enaiim

157 3499 318 3554 ymmp
