2588 4028
555 221 795 284 ..144-

165 387 240 449 aqua
263 369 379 429 diurnis
398 365 503 428 diebus
521 367 629 428 ieiunis
649 367 675 426 si
697 365 828 446 dederis,
851 372 933 424 recte
953 364 1052 425 facies.
1090 366 1180 426 etiam

165 467 196 519 et
222 455 466 518 defricatiouibus
494 457 680 516 ceromaticis
708 461 739 514 et
765 451 1053 514 deambulationibus
1081 462 1112 513 et
1139 453 1178 513 la·

164 548 260 607 vacris
297 543 486 606 calidioribus
523 553 553 604 et
590 545 698 604 ceteris
730 540 991 602 exercitationibus
1025 541 1179 602 usualibus

166 636 286 696 omnino
314 651 374 694 non
401 631 582 712 prohibebis.
623 639 654 692 et
681 633 795 691 viscera
823 647 927 690 eorum
955 629 1005 690 tali
1038 629 1179 710 cataplas-
1282 633 1283 636 ’

138 731 242 783 emate
280 721 412 801 curabis,
453 721 510 781 hoc
546 728 593 782 est
629 721 688 798 apii
724 721 859 800 seminis,
901 718 1010 778 malvae
1047 721 1181 798 seminis,

164 811 306 873 bacarum
338 810 428 891 latui,
466 811 588 889 cymini,
625 807 743 888 pollinis
779 807 840 867 lolii
876 816 927 867 aut
959 809 1064 886 tritici,
1101 807 1181 868 laeui
1282 809 1283 824 *

165 902 264 980 graeci
287 901 422 973 seminis,
452 900 586 958 omnium
609 896 647 956 Vl
670 896 781 975 cotyles
805 895 948 976 singulas,
974 895 1029 954 lini
1057 898 1181 957 seminis

165 989 276 1068 cotyles
291 987 326 1069 11,
345 989 509 1048 caricarum
527 987 683 1065 pinguium
702 984 860 1062 diligenter
878 992 1034 1044 tunsarum
1054 1003 1180 1044 numero

165 1076 203 1156 C,
231 1076 327 1136 mellis
355 1075 404 1136 lib’
428 1075 441 1136 Ι
466 1075 486 1135 S
515 1093 584 1135 oum
607 1073 700 1134 calida
724 1081 754 1133 et
777 1073 841 1133 oleo
865 1089 1034 1150 concoquas
1053 1081 1083 1133 et
1102 1080 1180 1133 cata·

125 1177 151 1216 1⁰
165 1163 323 1243 plasmabis
350 1181 406 1242 per
433 1163 497 1224 dies
524 1181 650 1224 numero
677 1161 718 1222 lll
746 1170 797 1222 aut
824 1160 855 1222 V.
900 1163 988 1221 etiam
1017 1169 1047 1220 et
1077 1163 1181 1222 urinas

164 1251 340 1332 provocabis
362 1251 533 1331 potionibus
557 1251 711 1312 diuretiois
729 1268 819 1329 supra
838 1251 1018 1310 memoratis.
1055 1258 1086 1309 et
1108 1269 1180 1328 pur·

165 1343 312 1420 gatorinm
344 1359 380 1400 ex
415 1339 564 1420 epithymo
601 1339 784 1419 conlectum,
822 1338 901 1417 quod
932 1337 1180 1398 melancholicum

165 1430 311 1508 depurget
346 1429 516 1510 humorem,
555 1446 615 1488 non
652 1427 748 1490 solum
788 1426 880 1488 semel
917 1425 968 1486 sed
1006 1427 1182 1505 frequenter

165 1517 257 1578 dabis.
290 1519 376 1578 cuius
399 1517 617 1579 conlectionem
640 1517 806 1596 purgatorii
829 1517 967 1594 superius
991 1514 1026 1574 ad
1050 1515 1182 1576 maculas

125 1616 151 1657 1⁵
165 1608 264 1684 nigras
296 1608 481 1686 scripsimus.
532 1614 562 1666 et
593 1613 662 1684 post
692 1607 899 1684 purgationem
936 1601 1097 1664 adhibitam
1134 1604 1182 1664 dia

166 1703 336 1773 spermaton
365 1695 536 1774 epithimate
563 1696 671 1775 uteris,
705 1693 784 1772 quod
817 1693 955 1770 superius
987 1691 1024 1752 ad
1050 1695 1180 1753 ventosi-

164 1791 256 1844 tatem
280 1783 423 1844 stomachi
446 1783 612 1844 scribentes
636 1783 872 1842 memoravimus.

458 1940 527 2000 LVl.
565 1940 613 2000 ad
637 1941 889 2000 emitritaeum.

253 2061 427 2124 Emitritaeo
455 2063 622 2124 laborantes
651 2065 694 2124 sic
721 2063 877 2142 intellegis.
919 2063 967 2124 die
994 2064 1073 2123 inter
1101 2062 1181 2124 diem

125 2165 152 2206 so
166 2154 366 2212 accessionem
384 2153 539 2230 patiuntur
557 2159 676 2231 praeter
694 2159 856 2212 tremorem
880 2152 1008 2231 frigoris.
1045 2153 1076 2210 in
1095 2153 1181 2212 initio

165 2243 343 2302 accessionis
366 2243 518 2320 impetum
530 2243 663 2302 sentiunt
684 2243 716 2300 in
734 2243 906 2320 superiores
930 2241 1060 2319 pectoris
1079 2247 1182 2319 partes

165 2331 244 2390 eirca
271 2332 396 2390 arterias
424 2347 493 2390 cum
516 2329 625 2390 sudore
649 2329 742 2390 calido
767 2337 797 2389 et
819 2328 937 2389 roscido
968 2330 999 2388 in
1027 2326 1111 2388 vultu
1135 2329 1182 2389 vel

237 2506 250 2551 1
270 2498 393 2552 diurnis:
417 2497 555 2553 diuturnis
573 2515 614 2568 cp.
712 2499 736 2554 si
755 2499 781 2552 d.
802 2499 827 2552 d.
846 2498 865 2554 i.
884 2497 965 2554 debis
991 2497 1113 2568 (dederis
1132 2501 1180 2568 ρο)

164 2573 194 2624 eb
215 2572 291 2624 recto
314 2569 385 2622 facis
406 2585 439 2638 p,
463 2569 489 2622 d.
508 2569 535 2624 d.
554 2569 649 2624 ieiunia
668 2569 691 2624 si
716 2569 937 2624 desideraverint
953 2571 1029 2624 recte
1048 2569 1137 2624 facies
1156 2587 1181 2625 c.

164 2641 252 2696 eliam
270 2656 321 2695 ovo.
341 2655 363 2694 c.
435 2640 674 2710 locbaplasmabe
693 2658 719 2696 c:
739 2639 888 2696 calisinabe
902 2657 933 2710 p.
1025 2641 1118 2694 bhoc
1137 2644 1181 2696 est

164 2728 204 2781 cp.
278 2709 336 2780 apii
354 2728 376 2766 s.
395 2709 510 2765 feniculi
534 2710 647 2766 seminis
666 2713 748 2781 (quod
765 2728 815 2767 om.
837 2712 870 2780 c).
899 2712 992 2767 malva
1011 2729 1032 2766 s.
1045 2711 1180 2771 Q

164 2799 264 2855 cotilas
277 2799 402 2867 singulus
415 2801 466 2868 (sic
479 2801 529 2857 del.
539 2803 586 2870 ρο)
599 2800 752 2856 baccarum
769 2801 788 2858 1.
804 2805 851 2856 etc.
861 2818 892 2870 p.
948 2807 964 2856 6
975 2799 1036 2856 lolii
1050 2783 1142 2856 adlici
1155 2818 1180 2867 e,

163 2906 226 2960 folii
242 2901 332 2962 adlici
356 2907 431 2974 (onte
453 2922 523 2962 corr.
547 2906 678 2976 attici)p
701 2905 737 2976 (ct
759 2908 791 2962 io
813 2923 899 2976 mary.
926 2922 996 2962 cmv.
1018 2912 1031 2960 i
1054 2903 1072 2960 b
1098 2907 1179 2972 lollii.

162 2977 307 3046 fenngreci
325 2993 366 3046 ep.
477 2983 573 3032 7051
591 2978 630 3032 VI
648 2994 675 3032 c:
699 2978 823 3033 omnium
840 2994 870 3046 p.
980 2977 1179 3032 8nv'10.(l.e:

163 3049 225 3116 celsa
239 3065 270 3116 p.
379 3047 451 3102 elb'
471 3050 484 3102 Ι
503 3049 521 3103 S
541 3067 567 3104 cz
586 3049 614 3106 l'.
633 3049 653 3104 I.
669 3065 699 3118 p.
804 3063 962 3117 concoques
981 3063 1007 3102 c:
1029 3063 1133 3116 coques
1147 3065 1178 3116 p.

165 3123 198 3170 10
217 3123 282 3172 niro.
300 3119 348 3171 III.
368 3135 395 3172 c:
415 3118 483 3172 .ΗΙΙ.
499 3137 530 3188 p.
602 3120 696 3174 urinas
714 3136 755 3188 ep.
830 3124 861 3172 11
881 3135 977 3188 supra:
996 3136 1047 3173 seu
1060 3119 1122 3186 (sie)
1136 3135 1179 3188 cp.

165 3193 197 3242 12
226 3188 362 3257 epithimo
388 3205 416 3243 o:
442 3188 547 3258 epith'e
566 3207 598 3259 p.
708 3197 741 3245 13
763 3206 821 3246 non
843 3189 930 3244 semel
953 3189 1044 3244 solnm
1066 3207 1088 3244 s.
1110 3189 1130 3244 f.
1146 3207 1178 3258 p.

164 3258 244 3314 dabis
259 3274 308 3314 orn.
323 3275 345 3312 e.
420 3264 454 3312 14
468 3260 545 3313 euius
559 3261 716 3330 purgatorii
730 3261 802 3316 conf.
814 3277 845 3330 p.
920 3267 953 3315 16
972 3277 987 3315 e
1008 3259 1141 3316 ilbimabe
1155 3277 1179 3326 o,

164 3327 344 3410 epith1alep.
435 3332 464 3384 et
481 3331 557 3398 quod
571 3347 601 3399 p.
695 3339 727 3387 18
746 3331 787 3387 De
811 3331 867 3386 hiis
885 3331 934 3400 qui
952 3278 1059 3387 habent
1076 3331 1180 3386 vitium

164 3400 296 3454 emrbrrbea
309 3417 332 3469 p
351 3398 406 3467 (Ad
425 3399 596 3456 emitriieum
615 3419 629 3458 e
647 3407 673 3456 et
691 3404 750 3459 iod.
760 3405 802 3472 p).
877 3408 910 3457 19
926 3402 1001 3458 diem
1019 3402 1093 3458 inter
1106 3403 1133 3456 d.
1144 3419 1176 3471 p.

163 3476 197 3524 20
215 3473 365 3526 tremorem
379 3488 413 3540 p:
433 3471 522 3527 itioris
540 3489 562 3528 e.
635 3479 669 3528 22
688 3473 780 3528 rosido
799 3490 821 3530 e.
