2576 4040
486 253 731 318 -193-

186 396 272 458 aliud.
309 399 409 457 resina
432 397 508 456 frixa
532 397 632 457 subita
652 404 705 458 aut
727 398 757 457 in
780 397 929 476 pecudum
951 397 998 458 vel
1019 397 1112 460 boum

206 484 365 564 galbanum
384 484 531 564 suffitum,
552 492 604 548 aut
622 483 787 546 elleborum
804 487 923 565 nigrum
942 493 993 548 aut
1011 495 1110 566 styrax

96 579 147 634 aut
174 575 235 634 vini
263 573 330 634 faex
358 573 457 634 suffita
485 591 546 634 non
573 571 669 634 solum
697 572 843 636 secundas
869 573 1030 636 mulierum
1056 575 1111 636 sed

94 663 186 722 etiam
208 661 290 722 fetus
312 668 447 722 mortuos
470 661 608 722 excludit.

185 752 257 810 item
280 751 371 828 potio.
408 751 466 810 tria
488 767 580 828 grana
602 749 639 810 de
660 748 759 810 medio
777 751 846 812 citri
869 750 954 812 tolles
978 759 1008 812 et
1030 760 1139 813 tereso

94 846 127 897 et
151 855 219 898 cum
240 839 361 916 potione
385 855 479 918 aquae
502 837 613 898 calidae
636 831 733 919 dabis,
762 846 792 900 et
819 840 961 900 continuo
985 838 1110 902 curabit.

264 995 405 1058 LXXXII.
441 996 490 1057 Ad
515 999 741 1077 emorragian
764 999 937 1060 matricis,

182 1120 314 1181 Matricis
336 1123 521 1200 emorragian
544 1119 635 1200 latino
659 1138 797 1182 sermone
820 1123 972 1201 sauguinis
995 1123 1110 1184 fluxum

93 1207 140 1268 vel
162 1208 342 1288 profluvium
363 1208 498 1270 dicimus.
536 1216 631 1270 otest
652 1211 751 1288 passio
772 1209 958 1285 incurabilis,
982 1213 1108 1272 maxime

95 1297 121 1356 si
143 1295 223 1376 longi
245 1299 389 1377 temporis
408 1299 447 1358 sit
470 1306 501 1358 et
519 1315 556 1357 ex
574 1297 762 1359 antecedenti
784 1298 936 1377 frequenti
954 1297 1107 1360 abortione
1123 1313 1151 1354 ιο

93 1392 124 1444 et
147 1385 313 1446 secundum
334 1386 525 1464 putredinem
548 1387 725 1448 arteriarum
748 1387 840 1446 fuerit
862 1395 969 1448 creata.

182 1473 220 1534 ob
248 1473 432 1552 diligentiam
459 1491 529 1534 vero
558 1475 720 1532 curationis
748 1482 866 1552 oportet
893 1477 924 1535 in
951 1477 1109 1557 principio,

94 1569 252 1640 autequam
275 1563 373 1640 passio
395 1568 529 1640 tempore
553 1560 695 1622 diuturno
714 1568 891 1642 veterescat,
914 1581 949 1624 ea
967 1563 1108 1625 adbibere

93 1667 168 1726 quae
197 1649 313 1709 valcant
340 1651 450 1710 virtute
480 1650 605 1730 styptica
632 1649 731 1708 omnia
758 1647 854 1710 soluta
881 1650 1032 1713 densando
1062 1651 1108 1712 vel
1145 1675 1147 1679 ·

91 1737 325 1816 constringendo
349 1755 466 1816 sanare,
489 1737 546 1797 hoc
569 1745 615 1798 est
637 1755 736 1797 rosam
755 1739 877 1818 siccam,
899 1738 1108 1802 lenticularum
1122 1752 1150 1793 1⁵

92 1826 230 1884 tuniones
253 1823 376 1905 virides,
403 1832 528 1904 myntam
552 1827 660 1886 siccam
667 1873 676 1907 ,
704 1825 828 1904 siliquae
855 1844 979 1905 graecae
1009 1827 1108 1888 aridos

92 1911 224 1973 ramulos
252 1921 282 1973 et
309 1913 453 1974 caducum
481 1922 629 1992 granatae.
671 1915 769 1974 omnia
796 1916 828 1974 in
856 1932 915 1976 uno
944 1917 1034 1976 mixta
1057 1915 1107 1976 de·

92 2019 203 2079 coques
223 2019 260 2061 ex
278 2000 393 2062 duabus
411 2001 658 2082 partibusaquae
682 2010 712 2064 et
730 2021 790 2063 una
812 2004 882 2083 vini,
906 2011 936 2065 et
957 2012 1107 2084 ptygmate

92 2089 228 2150 confecto
257 2089 414 2168 diligenter
442 2089 633 2172 fomentabis,
661 2098 692 2150 et
714 2092 819 2151 inicies
842 2110 879 2152 ex
901 2093 966 2170 ipso
989 2092 1106 2172 liquore

92 2179 197 2256 supino
218 2177 369 2238 schemate
388 2180 497 2239 iacenti
514 2176 640 2258 pedibus
659 2179 827 2258 patefactis,
846 2177 1000 2258 subposito
1021 2181 1107 2258 prius
1121 2193 1149 2232 20

92 2263 229 2327 clunibus
263 2265 401 2327 cervicali
433 2275 466 2327 ut
497 2284 586 2326 renes
618 2267 758 2344 patieutis
790 2284 910 2327 srusum
943 2268 1105 2348 erigantur,

91 2354 169 2430 quod
198 2354 307 2415 Graeci
333 2363 496 2434 anatropen
523 2354 634 2415 dicunt.
677 2361 749 2414 tunc
775 2372 901 2416 manuae
924 2356 1013 2436 turis,
1044 2354 1105 2416 alu·

162 2494 176 2542 1
196 2489 245 2544 vel
263 2489 348 2544 boum
373 2489 420 2544 vel
442 2505 522 2544 sones
542 2491 631 2555 (senes
644 2489 678 2559 p)
703 2488 856 2559 galbanum
875 2491 938 2558 (sic)
956 2506 997 2560 cp.
1088 2497 1105 2546 2

90 2557 205 2625 galbani
223 2559 310 2614 suffin
326 2561 390 2628 (sic)
410 2577 433 2615 c.
518 2558 593 2629 nigri
610 2576 632 2616 c.
718 2559 846 2626 stirace,
867 2559 1013 2631 stiracep.
1087 2569 1105 2617 3

90 2630 257 2686 secundinae
273 2648 303 2700 p.
389 2637 407 2686 4
425 2647 447 2685 s.
466 2631 637 2686 obmortuos
656 2631 731 2686 fains
744 2648 776 2700 p.
862 2637 878 2686 5
897 2632 939 2686 Ite
959 2649 986 2702 c,
1007 2650 1058 2688 om.
1073 2651 1104 2702 p.

90 2703 199 2768 daque
217 2701 313 2756 calida
331 2718 353 2757 c.
435 2701 541 2757 carebit
559 2719 601 2772 cp.
687 2701 767 2756 ‘lAd
784 2702 928 2772 emorogia
945 2703 1106 2759 metricisc

91 2769 160 2833 (ind.
174 2775 224 2842 p),
243 2773 288 2827 De
305 2772 382 2826 fluxu
399 2772 524 2828 matricis
536 2789 568 2842 p.
658 2778 675 2828 8
694 2773 838 2840 emorogie
856 2789 884 2840 c,
903 2773 1060 2840 emorrogie
1073 2789 1106 2840 p.

92 2843 125 2892 10
148 2840 172 2894 si
194 2842 282 2914 longo
307 2844 433 2912 tempore
458 2843 496 2898 sit
520 2861 547 2911 o,
578 2842 603 2897 si
626 2848 639 2896 i
665 2843 728 2910 (cic)
756 2842 836 2911 longi
859 2841 995 2911 temporis
1020 2843 1053 2896 fit
1073 2860 1105 2911 p.

89 2908 229 2978 frequenti
249 2943 284 2956 -
303 2913 455 2968 secundnm
473 2930 523 2968 om.
543 2929 566 2969 c.
647 2911 794 2968 aborsione
808 2929 839 2980 p.
926 2917 959 2966 13
977 2914 1105 2981 tempore

89 2979 188 3038 diurno
206 3001 235 3053 a,
254 2983 387 3040 diuturno
405 2987 531 3054 tempora
545 3001 576 3053 p.
667 2999 701 3036 ea
723 2998 773 3037 om.
797 2999 824 3051 p.
916 2989 949 3036 14
971 2981 1105 3038 virtutem

25 3105 29 3116 ,
90 3049 235 3120 stipticem
249 3072 282 3124 p.
388 3051 772 3124 1510satro.p)siocaep.
882 3053 1057 3110 lutationes
1076 3071 1104 3112 cz

20 3149 22 3196 i
89 3131 207 3198 bituibe⁸
217 3160 249 3212 p.
314 3143 400 3198 miris
418 3141 502 3210 (sicce
520 3157 570 3196 om.
585 3143 609 3210 c)
626 3158 667 3211 ep.
732 3147 764 3196 17
783 3158 877 3197 nomos
891 3159 913 3198 a.
986 3147 1104 3214 gronate
1204 3164 1207 3170 ·

90 3225 130 3278 ep.
203 3229 274 3268 nno:
293 3213 360 3269 uino
379 3231 419 3282 cp.
491 3212 579 3268 mixto
589 3229 625 3282 p,
644 3213 725 3268 mitte
739 3229 761 3268 c.
834 3213 958 3284 decoque
973 3231 995 3271 c.
1068 3222 1103 3271 18

91 3296 164 3349 eque.
183 3286 213 3338 et
233 3285 299 3338 vino
317 3301 339 3339 o.
412 3283 545 3353 stigmate
558 3301 593 3356 p,
614 3282 729 3340 scimnte
747 3301 762 3340 c
781 3285 828 3354 (of.
847 3287 885 3341 od
903 3303 925 3342 c.
944 3292 981 3342 18
999 3291 1025 3340 et
1040 3285 1103 3340 Sor.

86 3355 366 3424 o.218,15Erm.,
386 3354 436 3410 Tb.
455 3354 502 3408 Pr.
516 3371 547 3423 1).
567 3358 624 3422 79).
732 3361 767 3410 20
789 3355 929 3416 iacentem
951 3373 979 3421 c,
1002 3358 1066 3409 —be
1080 3373 1104 3422 p

92 3422 159 3488 t-ti
173 3428 228 3495 120).
302 3432 336 3480 22
356 3428 490 3494 anatropo
509 3443 535 3492 c,
555 3433 693 3496 enacnrpo
708 3444 739 3496 p.
825 3445 926 3483 manne
945 3428 975 3481 eb
992 3426 1104 3493 turiss,

91 3509 200 3550 manna.
219 3496 312 3550 thuris
325 3514 356 3566 p.

143 3591 263 3636 Consiua
277 3595 373 3648 Felix,
386 3596 421 3640 ed
434 3597 463 3638 V.
476 3596 543 3638 Rosa.
806 3576 808 3580 ’
910 3591 942 3639 13
