2558 4022
503 219 720 286 ..55-

102 363 174 426 salis
201 379 292 442 grana
315 363 476 426 mediocria
499 330 626 424 nnmeno
649 361 690 424 111
717 368 861 430 matutino
890 375 1027 452 tempore
1048 381 1120 433 ante

103 451 175 512 sotis
206 459 307 514 ortum
338 451 423 512 dabis
454 449 602 512 laboranti
632 455 664 514 in
695 471 748 514 one
782 455 959 518 continenda
991 460 1022 520 in
1054 462 1118 540 ipsa

102 547 187 618 parte
216 542 248 600 in
271 557 330 619 qna
352 539 455 601 dolore
478 540 626 623 pulsatur,
654 541 749 604 donec
772 543 912 623 paulatim
934 543 1066 608 detinent
1089 557 1120 610 et

100 645 173 689 eum
201 627 381 690 defluxerint
406 628 565 690 humorem
590 632 745 710 proiciant.
789 634 900 694 etenim
922 633 978 694 hoo
1000 633 1118 696 adiuva·

101 718 199 776 manti
230 733 325 795 genna
358 719 383 777 si
415 717 589 796 tteqnenter
619 719 669 779 iiat
704 717 896 782 limositatem
927 722 1057 784 excludit
1088 732 1146 785 ete

100 803 248 874 homones
271 804 438 884 snpentlnos
460 808 512 884 qni
535 805 669 868 dolorem
690 816 844 887 praestant
866 808 1020 890 depurgat.

193 892 273 954 aliud
300 893 425 972 ipsieum
448 893 484 954 ad
512 893 645 956 dolorem
672 895 773 957 maiae.
818 899 947 960 oanioam
970 908 1000 962 et
1023 901 1120 980 sinapi

101 988 184 1042 teres
207 989 238 1042 et
260 979 384 1042 induces
406 984 438 1042 in
459 1001 559 1062 panno
581 991 612 1044 et
629 983 732 1046 cubito
750 985 873 1047 alterins
895 989 989 1067 partis
1013 1005 1118 1068 snper·

100 1070 252 1150 impones,
278 1068 309 1130 id
337 1077 383 1131 est
409 1073 435 1132 si
463 1071 540 1132 iorte
568 1073 689 1134 sinistra
719 1074 809 1135 instit
837 1074 912 1135 mala
940 1075 1058 1152 dextro,
1091 1079 1117 1138 si

101 1156 206 1219 dextra
227 1159 363 1237 impones
386 1159 516 1221 sinistro.
1132 1181 1159 1222 ao

191 1245 325 1325 nollutio,
353 1263 442 1326 quam
470 1248 576 1311 Granni
603 1249 761 1330 ‹tianiysma
788 1259 907 1332 vocant,
939 1253 1052 1314 iaciens
1080 1253 1117 1314 ad

100 1334 236 1395 dentiam
258 1333 384 1396 dolones.
421 1336 511 1415 galias
534 1347 702 1420 quassatas,
729 1339 832 1400 taedae
855 1342 976 1419 pinguis
999 1340 1117 1402 antelios

101 1424 270 1484 minutatim
288 1425 407 1505 inoisas,
428 1427 589 1504 iusquiami
606 1443 719 1506 semen,
741 1427 860 1488 alumen
879 1427 1007 1510 liparam
1028 1428 1118 1490 simul

100 1511 251 1590 decoquas
273 1513 305 1572 in
324 1513 393 1572 vino
411 1515 514 1574 veteri.
546 1516 656 1592 ingiter
679 1513 763 1574 dabis
780 1523 815 1575 nt
832 1515 977 1596 eminant,
1000 1519 1117 1578 cantius

99 1617 171 1660 vern
199 1617 238 1661 ne
265 1599 337 1679 quid
366 1618 403 1661 ex
429 1601 488 1662 isto
515 1599 631 1680 liquore
660 1603 907 1664 transmeandum
938 1606 1116 1665 existiment
1132 1620 1158 1662 aa

98 1688 157 1749 hoo
180 1697 280 1750 autem
303 1705 364 1750 non
386 1688 484 1750 solnm
511 1687 644 1751 dotorem
672 1691 787 1769 mitigat
813 1707 918 1752 venum
947 1693 1035 1754 etiam
1058 1694 1117 1771 agi·

98 1784 198 1838 tentes
221 1776 326 1838 dentes
354 1779 457 1853 statuit
484 1775 530 1838 vel
557 1779 721 1840 eontirmat.
762 1780 789 1840 si
816 1795 887 1839 vero
918 1778 1034 1840 taedam
1058 1798 1118 1840 non

98 1867 263 1947 inveniatis,
286 1865 361 1946 pinis
384 1867 480 1927 sienae
504 1865 653 1928 modicum
676 1869 777 1929 mittes
801 1875 832 1929 et
854 1869 958 1929 uteris.

188 1953 267 2015 alind
297 1953 333 2015 ad
360 1953 465 2016 dentes
493 1957 638 2034 agitantes
665 1964 699 2017 nt
726 1963 839 2018 statuas
871 1956 916 2018 vol
948 1957 1116 2019 confirmes.

173 2236 485 2299 inumeroozom.p.
558 2231 1119 2301 ante-portepeom.o(ubit·piin

98 2317 156 2369 qno
175 2299 202 2357 d.
216 2303 259 2382 p).
332 2299 398 2355 3in
416 2317 472 2369 qno
491 2301 587 2356 dolore
606 2317 629 2369 e,
647 2300 678 2355 in
696 2317 754 2370 qua
771 2301 851 2355 dolor
864 2317 896 2372 p.
969 2301 1074 2358 defluat
1087 2320 1118 2372 p.

98 2371 278 2442 tproionnnt
290 2388 322 2442 p.
412 2370 569 2426 adiumenti
587 2388 609 2426 o.
700 2371 761 2426 tsi
774 2388 810 2441 p:
830 2388 880 2429 om.
900 2388 922 2428 o.
1012 2372 1118 2428 linioai·

98 2444 189 2498 tatem
207 2459 230 2498 o.
303 2449 319 2496 6
338 2442 485 2497 humorem
503 2442 675 2512 superfluum
690 2485 696 2498 .
713 2484 719 2498 .
735 2444 865 2512 epreotat
883 2445 968 2515 (piet)
983 2460 1014 2513 p.
1101 2450 1117 2499 ‘t

98 2513 136 2570 ad
154 2530 205 2569 oen.
225 2530 248 2569 o.
333 2513 526 2570 motatorem
543 2529 577 2582 cp
596 2515 652 2582 (ned
669 2514 749 2581 infre
767 2521 783 2568 9
802 2513 879 2572 male
897 2517 950 2586 cp).
1046 2515 1118 2570 oani-

99 2601 147 2639 eae
165 2601 189 2638 e.
262 2583 356 2654 sinapi
369 2601 401 2654 p,
420 2586 518 2654 senapi
536 2601 559 2640 e.
645 2585 755 2641 {iteres
769 2602 804 2655 p:
823 2588 881 2641 tres
899 2603 922 2642 o.
1008 2585 1117 2642 inducis

99 2655 130 2710 in
143 2655 238 2726 pantio
252 2671 293 2732 cp.
367 2654 484 2710 alterins
493 2672 529 2724 p:
546 2655 665 2710 alienius
680 2673 701 2712 e.
774 2657 968 2728 superinponis
976 2673 1008 2728 p,
1024 2675 1118 2727 euper-

96 2725 182 2796 ponis
206 2743 228 2781 e.
336 2725 394 2780 ai.
414 2725 437 2782 si
457 2743 482 2782 o:
510 2725 529 2780 i.
553 2726 573 2782 1'1
596 2728 649 2796 (nt)
668 2726 737 2796 sip.
846 2746 867 2783 s.
886 2729 963 2784 mele
987 2728 1073 2783 fuerit
1087 2746 1117 2798 p.

98 2797 199 2852 dextro
222 2827 255 2836 -
280 2795 393 2852 sinistro
417 2813 443 2852 o:
473 2797 572 2854 dextro
595 2797 730 2868 impones.
772 2797 797 2852 ai
824 2797 922 2852 dextra
949 2797 981 2852 in
1005 2798 1118 2853 sinistro

98 2865 195 2922 cubito
212 2873 322 2936 ipones.
414 2873 448 2922 10
461 2867 556 2937 iponia
575 2885 597 2924 o.
690 2873 722 2922 11
742 2867 875 2923 dielisma
893 2885 920 2935 o,
939 2866 1073 2922 dieelime
1087 2884 1117 2936 p.

98 2943 132 2991 12
152 2937 251 2993 dolore
271 2954 291 2993 o.
365 2940 490 2994 cassatas
509 2955 531 2994 o.
605 2939 671 2992 tede
689 2937 803 3008 pinguis
822 2937 936 2993 astellae
953 2935 1076 2994 minutas
1086 2955 1118 3007 p,

96 3009 180 3063 tedas
198 3009 317 3079 pingues
335 3008 500 3064 minutatim
521 3007 624 3063 incisas
643 3024 665 3062 e.
757 3013 791 3062 14
809 3026 830 3064 s.
851 3023 954 3078 coques
968 3023 999 3079 p.
1089 3014 1119 3064 et

96 3079 204 3150 iugiter
223 3079 357 3136 colluant.
386 3079 495 3134 cantius
511 3096 590 3134 ne..
608 3095 656 3148 ‚p
731 3083 763 3133 to
778 3077 833 3134 isto
843 3081 951 3150 paine
967 3095 989 3136 e.
1060 3083 1118 3136 tra·

97 3151 257 3206 vorandum
275 3167 302 3205 o:
320 3149 470 3206 trtiueotd'
490 3151 552 3222 (pao
570 3149 855 3224 mansglntiendnmt)
866 3169 897 3224 p.
971 3158 1004 3207 16
1023 3153 1119 3208 entem

97 3254 126 3293 o:
146 3238 223 3294 enim
241 3221 282 3308 (ὲ,
301 3244 365 3294 oete
382 3255 454 3294 eorr.
473 3241 499 3306 e)
514 3255 545 3308 p.
564 3291 567 3296 ,
616 3238 644 3295 h.
661 3257 684 3294 e.
704 3239 830 3296 dolorem
849 3258 906 3298 non
924 3241 1015 3297 solnm
1032 3259 1070 3296 m.
1085 3257 1118 3309 p.

98 3310 223 3380 agitatas
241 3326 283 3380 op.
392 3316 425 3365 17
444 3311 552 3365 statuet
568 3311 616 3366 val
634 3327 660 3376 e,
680 3311 782 3368 statuit
800 3314 830 3370 et
842 3328 874 3383 p.
973 3312 1067 3368 nedem
1089 3327 1117 3380 p.

101 3385 135 3434 18
153 3381 218 3453 pice
237 3377 310 3437 aiieo
328 3398 355 3448 o,
374 3381 446 3451 piois
465 3380 534 3436 sieoi
547 3397 577 3450 p.
685 3382 812 3452 mittisp
831 3384 922 3450 (-tes
941 3384 974 3452 o).
1085 3387 1117 3433 19

100 3469 225 3540 agitem
239 3485 265 3525 o:
281 3469 450 3540 agittetasp
465 3455 587 3540 etatis
598 3472 651 3541 ρο).
724 3472 830 3526 statuas
840 3469 886 3526 vel
896 3485 919 3539 e,
934 3471 1042 3525 statuas
1053 3471 1119 3535 etp.

153 3568 275 3612 caesius
289 3568 386 3619 Felix,
400 3567 434 3610 ed„
449 3569 477 3610 V.
490 3567 557 3609 Bosa.
941 3562 957 3611 ὅ
