2588 4028
592 232 810 296 ..gg-

194 393 291 456 mens,
319 376 476 456 aliquando
503 393 607 458 perro,
637 393 706 437 cum
738 377 890 455 sanguinis
922 395 1071 456 supernae
1103 377 1208 440 eduea-

193 466 284 525 tionis
307 467 512 545 reieetetione,
541 483 630 544 quem
652 463 759 526 Graeci
781 472 894 526 enatos
918 483 1071 545 anagogen
1095 477 1208 528 vocant.

193 554 240 614 sin
259 571 329 614 vero
349 571 386 616 ex
408 552 544 614 trucibus
568 563 598 614 et
616 571 674 614 uva
696 555 868 633 contigerit,
891 561 1011 632 praeter
1034 555 1208 617 tussiculam

193 644 273 704 sicut
295 661 331 703 er
353 660 407 704 ore
426 659 495 703 cum
514 644 703 704 exurentium
720 641 886 721 despuitur.
924 649 954 702 et
972 642 1140 704 seeundum
1162 662 1208 704 co·

154 744 168 784 s
195 731 289 792 iorem
323 731 370 792 rel
403 730 601 792 substantium
634 748 723 810 supro
758 730 856 790 dictus
888 733 1008 808 sanguis
1041 732 1209 794 ostenditur
1277 789 1278 800 ,

150 859 158 870 ·
194 819 268 881 locis
292 838 328 881 ex
351 819 460 899 quibus
483 820 606 881 leretur.
642 817 722 899 quod
745 821 771 880 si
794 819 885 880 inerit
907 817 1035 897 nigellus
1056 838 1127 880 cum
1149 838 1208 881 me·
1277 881 1278 900 ,

194 907 289 970 diocri
317 911 494 989 quantitate,
524 927 562 969 ex
590 909 713 970 minutis
741 908 823 968 venis
851 906 1044 985 significetur.
1085 911 1113 968 si
1140 927 1208 970 vero
1277 935 1278 992 γ

193 995 287 1057 ssavus
314 997 407 1058 tuerit
434 1007 464 1058 et
492 1015 560 1058 cnm
588 998 702 1076 ingenti
728 995 845 1074 impetu
870 1002 901 1056 et
927 993 1082 1057 abundans
1111 997 1209 1078 luerit,
1277 1051 1278 1068 ,

193 1084 334 1146 exclusus
356 1103 394 1146 ex
416 1087 535 1148 arteriis
557 1087 640 1145 venis
664 1102 730 1145 esse
761 1083 975 1146 manifestetur.
1017 1087 1044 1145 si
1070 1102 1143 1146 vero
1165 1088 1208 1146 ni·

154 1187 180 1227 ro
194 1171 289 1251 gellus
319 1173 410 1234 fuerit
437 1180 468 1232 et
494 1172 586 1234 veluti
613 1172 766 1254 globosus,
801 1189 890 1250 quem
918 1170 1024 1234 Graeci
1056 1172 1209 1236 tbrombu·
1277 1201 1278 1248 ς

193 1277 303 1322 menon
321 1269 440 1342 vocent,
459 1279 527 1322 eum
547 1261 664 1322 modico
683 1261 794 1340 dolore,
817 1259 854 1321 de
874 1259 1005 1322 tboroeis
1025 1270 1111 1341 perte
1137 1263 1210 1323 ferri
1277 1273 1278 1276 ’

194 1349 369 1411 ostenditur.
415 1352 440 1410 si
463 1357 562 1412 eutem
586 1352 650 1410 sine
673 1349 734 1410 ullo
764 1348 867 1410 dolore
891 1353 960 1410 cum
982 1351 1102 1429 ingenti
1120 1353 1208 1412 tussi·

193 1437 259 1498 culo
291 1447 320 1498 et
353 1437 484 1499 anhelitu
512 1437 625 1498 rubens
657 1445 688 1499 et
713 1440 814 1499 tenuis
842 1445 961 1500 sentens
989 1447 1019 1500 et
1049 1457 1210 1518 spumosus
1277 1439 1278 1500 ὲ

193 1529 314 1606 sanguis
340 1527 432 1588 fuerit
460 1529 601 1609 emissus,
629 1527 868 1588 manifestissime
896 1527 933 1588 de
961 1527 1103 1606 pulmone
1137 1528 1211 1588 ferri

153 1628 179 1667 1⁵
193 1617 391 1694 cognoscitur.
427 1615 577 1695 aliquibus
595 1634 675 1696 vero,
697 1617 724 1676 si
742 1615 820 1676 torte
839 1621 935 1676 acute
953 1617 1077 1676 iuvenes
1097 1617 1210 1678 luerint

191 1706 353 1785 patientes,
380 1707 468 1766 etiem
496 1704 641 1765 malarum
667 1703 803 1764 modicus
826 1702 919 1765 rubor
947 1706 979 1764 in
1001 1703 1086 1766 vultu
1109 1713 1210 1766 osten·

193 1792 282 1854 ditur.
320 1801 351 1853 et
373 1796 451 1853 sicut
474 1792 630 1854 Galenus
653 1793 684 1852 in
707 1792 890 1872 diagnostice
913 1793 967 1872 eit,
996 1811 1031 1853 ex
1056 1793 1210 1854 stomacho

95 1892 263 1942 circuere
288 1888 318 1940 et
340 1889 444 1942 ventre
467 1883 621 1961 siluerit,
644 1883 805 1962 evomitur,
829 1883 855 1942 si
877 1899 914 1942 ex
937 1880 1061 1943 renibus
1080 1881 1086 1958 1
1106 1891 1138 1944 et
1161 1901 1210 1943 ve·

192 1969 267 2048 sico,
293 1970 449 2047 mingitur,
477 1971 503 2028 si
530 1987 567 2030 ex
596 1970 760 2050 intestinis,
788 1971 928 2048 egeritur.
970 1977 1002 2030 et
1024 1979 1096 2032 sunt
1126 1971 1210 2032 diffe-

150 2071 178 2110 ro
191 2057 305 2118 rentiae
337 2055 442 2118 fluoris
474 2059 627 2135 sanguinis
656 2075 783 2120 numero
817 2067 958 2137 mrattuor
995 2058 1104 2137 quibus
1142 2060 1211 2120 fieri

191 2143 276 2208 solet.
307 2144 465 2225 aliquando
484 2147 649 2208 secundum
670 2147 888 2226 disruptionem
906 2165 1049 2208 venarum
1068 2148 1210 2227 efficitur,

191 2232 348 2314 aliquando
376 2235 542 2297 seeundum
565 2235 774 2296 esudotionem
807 2238 939 2314 ipsarum
967 2254 1124 2317 venerum,
1159 2237 1211 2298 eli·

264 2500 278 2546 1
309 2510 428 2568 superne
461 2493 618 2549 durationis
644 2511 676 2566 p,
708 2511 825 2565 superne
858 2494 999 2550 ductionis
1027 2513 1054 2565 e,
1089 2513 1211 2566 superne

192 2563 348 2620 eductionis
362 2581 393 2634 p.
483 2567 627 2620 temutes
670 2567 825 2621 :emethos
844 2583 871 2632 e,
891 2566 1000 2622 cinctos
1014 2583 1045 2636 p.
1124 2565 1212 2621 3Sin

191 2651 236 2704 pe:
256 2634 327 2704 Sip.
399 2634 577 2704 idespnitur
590 2651 620 2706 p:
640 2581 780 2707 dispuitur
791 2653 822 2707 p,
841 2635 999 2706 disponitur
1013 2655 1035 2693 e.
1109 2637 1212 2694 blocis

191 2705 345 2776 exquibus
362 2721 392 2776 p:
410 2706 489 2762 locus
508 2706 609 2776 quibus
628 2723 657 2775 c,
677 2724 711 2762 ex
729 2707 830 2778 quibus
847 2707 918 2767 locis
931 2725 963 2778 p.
1036 2709 1113 2778 qnod
1132 2709 1157 2762 si
1176 2740 1212 2748 —

192 2779 230 2847 (9)
248 2776 445 2834 manifestetur
505 2793 581 2833 :ooo
600 2794 623 2833 e.
723 2778 835 2836 evenis
854 2793 904 2836 om.
920 2796 943 2848 p
962 2781 1022 2849 (ubi
1039 2779 1134 2834 fuerit.
1175 2797 1210 2834 ex

191 2847 301 2904 arteriis
320 2865 380 2904 esse
399 2849 476 2906 meni
505 2849 581 2905 stom
599 2850 662 2919 est).
743 2855 776 2905 to
794 2849 926 2920 globosus
944 2851 1014 2906 mole
1032 2867 1064 2918 p.
1137 2853 1213 2906 tom·

190 2921 331 2976 bumenon
349 2921 414 2990 (sic)
430 2938 461 2990 pr
480 2920 642 2976 tronitenon
665 2938 692 2990 c,
714 2921 865 2976 tribumen‘r
884 2937 920 2990 p..
1021 2927 1053 2974 11
1072 2923 1156 2990 perte
1180 2939 1211 2992 p:

190 2995 285 3060 portes
304 3007 331 3058 c,
352 2992 480 3068 pertibus
493 3008 525 3062 p.
567 3063 574 3074 ο
599 2997 631 3048 16
651 2991 788 3074 malcrum
806 3007 851 3060 ep:
876 2993 1013 3076 melorum
1030 3008 1049 3062 p
1068 2993 1125 3076 (sed
1144 3009 1162 3048 e
1180 2995 1212 3047 io

189 3065 412 3200 irritet...
440 3062 831 3190 .l⁷.⁸i¹.l⁰.‘2litt.⁸ll⁰.llt
847 3063 1130 3202 tributu?
1148 3065 1211 3214 lt]

190 3201 291 3271 Dipo).
376 3209 408 3258 18
428 3207 458 3258 et
475 3221 522 3272 ep:
540 3219 575 3258 ex
592 3220 618 3274 p.
704 3203 832 3259 siluerit
849 3221 876 3260 c:
895 3206 1044 3274 emptio
1056 3207 1153 3274 pete:
1183 3205 1214 3260 St

191 3289 226 3327 ex
244 3274 278 3328 st.
298 3273 328 3327 et
345 3275 442 3330 venue
460 3273 563 3341 fuerit).
636 3275 729 3330 vesica
743 3278 786 3330 est
800 3276 837 3345 (e)
852 3293 889 3330 m.
904 3292 926 3332 e.
1000 3281 1034 3331 20
1048 3278 1176 3345 quotuor
1190 3294 1213 3342 c,

190 3343 251 3399 IIII.
270 3361 315 3414 pp.
352 3350 434 3414 oepot
451 3361 505 3400 esse
522 3344 645 3400 Gmeoos
668 3345 747 3412 VII,
765 3351 830 3402 234.
864 3347 899 3414 cf.
914 3351 958 3402 79.
980 3345 1018 3414 X,
1037 3351 1100 3404 311.
1177 3354 1213 3402 st

192 3415 228 3468 el.
247 3415 324 3468 enim
340 3416 405 3470 odd.
420 3433 452 3485 p.
529 3415 718 3486 diruptionem
737 3433 759 3473 e.
832 3423 866 3472 22
885 3417 1058 3474 effndetrcne
1077 3435 1109 3488 pt
1133 3437 1216 3475 reeu-

191 3485 335 3540 detionem
353 3501 379 3554 e,
398 3486 609 3542 desudationem
623 3505 653 3556 p.
