2558 4022
584 215 804 278 ..34-

187 363 321 440 eruperit
343 362 375 420 in
398 367 502 421 ventre
525 359 571 420 vel
593 360 743 425 intestinis
767 367 889 420 etcum
912 361 1065 440 egestione
1091 366 1204 426 ventris

186 449 285 509 sanies
308 447 400 510 luerit
418 447 550 530 exclusa,
574 466 609 508 ex
632 455 717 527 parte
737 450 837 508 curari
855 448 1036 532 ostenditur,
1061 453 1087 512 si
1105 460 1205 514 tamen

187 537 316 598 lebrium
339 537 511 598 discesserit
532 537 668 598 molestia
688 543 759 615 post
781 537 969 617 eruptionem
993 537 1078 600 iacta.

275 633 399 706 propter
426 645 461 687 ea
492 626 653 686 curationis
680 633 816 704 tempore
849 627 879 684 ln
912 627 978 704 ipso
1005 627 1091 688 initio
1121 633 1148 690 si
1176 633 1205 690 in
1260 644 1261 665 ¹

159 727 247 775 tuno
275 713 340 775 loco
368 715 460 776 luerit
483 713 617 775 confixus
645 711 742 795 dolor,
770 715 828 773 erit
852 713 1055 776 festinandum
1078 725 1114 777 ut
1138 729 1205 780 ante
1260 760 1261 797 3

187 821 275 882 quam
299 805 394 865 saniet
416 811 568 884 apostema
595 801 776 862 dialoreticis
799 799 955 862 adiutoriis
982 803 1019 864 de
1047 803 1205 867 altitudine

90 915 114 952 9.
130 906 171 943 99
188 893 316 953 levatum
340 893 376 952 ad
399 892 587 972 superficiem
611 891 688 952 cutis
712 897 876 970 spargatur.
897 889 902 965 Ι
922 889 953 950 id
976 895 1076 954 estin
1098 898 1206 974 primis

186 983 311 1060 patienti
333 980 398 1040 loco
418 981 615 1058 sanguisugas
630 995 760 1058 appones
783 977 840 1038 hoc
864 977 961 1040 modo.
998 983 1077 1042 intra
1097 1001 1205 1045 cucur·

186 1069 277 1128 bitom
299 1067 504 1128 medicinalem
531 1067 624 1128 latum
650 1067 806 1128 linteolum
829 1068 929 1128 mittes
959 1069 1117 1149 usquead
1144 1091 1205 1134 sca·

146 1171 171 1209 10
185 1155 270 1236 pulas
299 1155 485 1237 cucurbitae,
513 1159 554 1217 ita
581 1162 615 1216 ut
642 1154 718 1216 labia
744 1157 839 1236 ipsius
870 1155 1043 1220 cumubitae
1077 1166 1205 1242 operias.

185 1248 216 1306 in
239 1263 299 1323 quo
322 1244 442 1306 linteolo
467 1247 661 1324 sanguisugas
684 1243 893 1324 quamplures
913 1240 1059 1328 proidies,
1084 1257 1115 1310 et
1140 1251 1205 1312 loco

185 1333 297 1394 dolenti
324 1332 510 1394 cucurbitam
538 1341 742 1414 superrertes,
771 1341 801 1393 et
830 1332 936 1394 leviter
960 1353 994 1396 ac
1017 1337 1206 1402 sufficienter

184 1424 215 1481 in
235 1423 363 1482 circuitu
381 1421 536 1482 linteolum
553 1419 668 1501 trahes,
689 1439 748 1501 quo
768 1423 884 1501 possint
903 1426 1100 1503 sanguisugae
1121 1431 1205 1489 corio

184 1509 230 1570 vel
258 1512 320 1571 cuti
348 1508 497 1590 applicari.
538 1510 595 1570 boc
623 1527 693 1570 vero
717 1509 869 1570 moderate
898 1510 1003 1593 iacies,
1031 1529 1068 1572 ue
1092 1515 1205 1578 iterum

144 1611 170 1650 15
184 1601 274 1659 nimia
292 1601 427 1679 angustia
446 1601 659 1679 opprimantur.
697 1606 814 1659 etcum
834 1598 984 1660 morsibus
1003 1597 1206 1685 adhaeserint,

184 1689 370 1750 cucurbitam
403 1706 472 1750 cum
504 1685 624 1748 linteolo
657 1687 788 1767 auferes,
822 1694 852 1747 et
880 1691 960 1748 sines
988 1687 1083 1750 donec
1111 1709 1206 1773 supra

184 1777 262 1837 dicta
281 1777 416 1838 animalia
439 1777 582 1854 sanguine
601 1775 780 1854 repleantur.
817 1783 890 1836 tunc
909 1792 1030 1855 asperso
1050 1779 1111 1840 sale
1129 1785 1205 1843 trito

184 1867 377 1944 sanguisugas
403 1862 571 1924 removebis
599 1870 629 1922 et
656 1863 755 1923 locum
782 1882 953 1945 perungues
981 1874 1011 1926 et
1040 1867 1072 1926 in
1097 1869 1205 1931 eodem

184 1951 249 2012 loco
277 1951 463 2013 cucurbitam
491 1949 604 2010 adiecta
631 1950 748 2011 llamma
774 1953 860 2035 ilgeS,
890 1960 920 2014 et
947 1954 1123 2033 sanguinem
1155 1959 1204 2019 de·

143 2054 170 2092 99
184 2039 284 2100 trabes
307 2049 451 2120 quantum
475 2057 580 2100 causae
600 2039 737 2100 sulficere
761 2039 855 2102 fueris
877 2041 1047 2104 arbitratus.
1085 2052 1115 2105 et
1134 2055 1205 2126 post

186 2129 401 2190 detractionem
424 2129 576 2208 sanguinis
599 2127 741 2208 butyrum
764 2131 869 2190 tritum
892 2147 960 2191 cum
985 2133 1065 2192 uitro
1092 2134 1204 2196 inlines

185 2227 216 2278 et
237 2218 302 2279 lana
327 2217 428 2279 sucida
452 2219 607 2298 cooperies
631 2226 660 2278 et
682 2217 795 2296 ligabis.
833 2219 885 2279 sed
907 2221 932 2279 si
956 2219 1033 2280 forte
1057 2227 1204 2301 temporis

183 2309 259 2366 ratio
283 2307 328 2366 vel
352 2307 410 2366 loci
433 2306 558 2384 quialitas
582 2307 709 2366 iecerint
730 2315 765 2366 ut
787 2307 915 2367 inveniri
939 2309 1060 2369 minime
1082 2315 1203 2390 sangui·

256 2517 270 2564 1
290 2509 398 2593 ruperit
416 2526 475 2580 999
557 2510 712 2566 inventrem
729 2527 755 2580 9,
776 2512 853 2566 —tre
871 2527 904 2580 99
924 2511 953 2582 (i.
973 2539 1007 2560 a
1025 2515 1056 2569 id
1074 2519 1120 2571 esi
1137 2524 1204 2572 ante

182 2581 336 2636 inventre'
324 2583 410 2636 emere·
410 2583 473 2650 99)
547 2581 707 2637 3molestia
721 2599 766 2652 cp:
781 2581 920 2637 modestia
935 2585 1037 2655 (9999.
1110 2587 1203 2644 iaetu:

181 2687 286 2742 factem
299 2704 358 2758 999.
451 2687 626 2760 4Propt<dn
664 2689 735 2761 >p⁰,
748 2687 939 2772 Proptereoc.
955 2705 1047 2761 9999
1130 2695 1202 2750 719-

180 2760 230 2814 999
230 2764 295 2829 sip:
310 2761 376 2814 -99
388 2765 419 2830 90
431 2761 478 2826 (cf
488 2774 575 2827 99999
582 2777 611 2828 9
622 2765 658 2816 33
660 2762 732 2829 ,.19)
804 2762 915 2829 9,.9(99)
988 2763 1203 2832 999999999999

181 2837 245 2886 oute
272 2847 342 2914 corr.
373 2847 391 2901 9
421 2832 497 2899 (item
521 2847 545 2886 9.
574 2835 608 2885 11
633 2848 651 2900 9
679 2836 703 2886 et
731 2836 795 2886 ante
826 2847 948 2886 corno.
976 2839 1012 2888 13
1040 2839 1065 2888 99
1089 2839 1132 2890 23
1162 2839 1202 2906 9,)

181 2902 405 3055 99999999
436 2906 708 3043 (liliata...
727 2989 772 3042 9
789 2901 960 3056 99999999
983 2921 1034 2973 ⁹⁶²⁰
1035 2853 1201 3046 9999999,

180 3043 282 3098 1991999
281 3061 340 3126 ,99,
415 3052 446 3099 13
466 3061 573 3115 quoq:
593 3045 669 3129 quod
688 3047 727 3113 (9)
737 3062 768 3113 9,
786 3044 817 3097 in
830 3059 924 3112 quoe.
999 3051 1033 3099 14
1051 3045 1121 3100 facis
1138 3065 1202 3117 999.

183 3120 216 3168 16
235 3113 303 3169 sinis
322 3131 381 3184 999.
457 3122 489 3170 18
507 3115 711 3183 removebisp:
732 3129 905 3184 removesp,
924 3131 1060 3170 moroso.
1134 3135 1201 3187 per
1261 3173 1262 3188 ,

179 3202 268 3256 unges
286 3201 327 3254 99,
347 3185 425 3256 -gis
439 3203 470 3256 9.
557 3193 592 3242 20
610 3201 738 3241 causac:
758 3201 892 3255 999999,
910 3201 1006 3256 9999
1094 3193 1128 3241 21
1148 3189 1200 3243 bu·
1261 3197 1262 3212 ¹

179 3257 234 3326 ty(i
248 3257 397 3326 9999999.
469 3255 604 3327 99199199,
625 3255 749 3322 illinies,
767 3255 874 3324 linisp.
948 3263 982 3311 22
997 3258 1123 3326 cooperis
1137 3274 1200 3328 999.
1261 3257 1262 3278 ³

179 3333 214 3381 23
237 3326 363 3410 iecerunt
382 3326 538 3410 99999999,
556 3326 698 3392 iacente,
722 3325 892 3410 obfueritp.
1001 3330 1082 3397 utp:
1109 3331 1139 3383 et
1156 3346 1200 3398 99
1261 3353 1262 3414 p

178 3396 299 3453 inveniri
316 3413 360 3466 op:
379 3396 497 3452 iuvenili
514 3397 619 3467 (999)9.
728 3417 749 3454 s
767 3396 887 3453 minime
911 3402 1074 3468 pusionis,
1098 3417 1119 3455 s
1140 3416 1199 3454 nou

178 3467 332 3539 possinip.
