2588 4028
511 235 754 300 -163-

214 383 328 443 sivero
348 379 525 461 cogentibus
547 378 683 442 febribus
701 379 757 442 sub
780 383 894 460 ingenti
917 383 1049 444 siccitate
1072 399 1138 444 cor·

123 471 205 550 poris
229 469 380 532 doluerint
402 468 586 550 laborantes,
607 471 767 548 ptygmatis
789 468 820 530 id
840 478 887 532 est
907 472 1014 550 pannis
1036 471 1139 534 calidis

123 577 160 622 ex
188 559 362 621 decoctione
392 559 471 620 faeni
498 559 598 636 graeci
620 565 651 618 et
677 559 758 619 ancti
780 557 920 620 adiuncto
941 558 1008 620 oleo
1035 561 1137 622 uteris

121 655 192 728 post
219 647 293 708 baec
321 649 410 709 etiam
439 648 618 707 cerotarium
646 664 682 708 eu
709 645 865 726 diacbylou
893 647 1061 710 conlectum
1087 666 1138 728 ap

121 754 232 816 pones,
255 735 335 814 quod
355 737 493 816 superius
510 737 542 794 in
563 736 690 794 tetanica
708 737 847 816 passione
866 737 1050 815 scripsimus.
1086 745 1165 798 ants

123 825 306 885 cerotarium
328 823 526 903 pleureticum
549 841 587 883 err
609 823 675 883 cleo
694 825 817 904 cyprino
837 823 1008 885 conlectum
1031 835 1062 886 et
1084 825 1137 886 lin-

121 911 203 974 teolo
232 911 358 974 densum
385 911 540 972 inductum
568 910 705 974 similiter
734 931 874 993 appones.
921 919 952 973 et
981 913 1139 974 coniicitur

121 1003 175 1062 sic.
222 998 280 1060 olei
308 1002 424 1081 cyprini
451 999 472 1068 3
499 998 578 1082 Vlll,
610 1017 696 1062 cerae
723 999 744 1068 ὅ
772 1001 823 1078 vl,
850 1001 945 1082 adipis
972 1003 1080 1064 asinini
1108 1009 1139 1064 et

119 1091 200 1150 lacni
228 1091 327 1168 graeci
355 1088 448 1150 moliti
475 1097 506 1150 et
532 1087 670 1170 meliloti,
698 1092 832 1152 omnium
859 1091 951 1152 nium
978 1104 1013 1152 —:
1042 1089 1137 1152 binas.

211 1176 407 1239 electuarium
427 1177 601 1258 pleureticis
620 1185 651 1240 ct
672 1179 934 1260 peripleumonicis
956 1181 1136 1242 couveniens
1150 1195 1176 1234 10

121 1263 170 1326 dia
192 1274 245 1328 ton
266 1269 372 1347 picron
395 1264 568 1346 amygdalon
592 1284 608 1326 a
631 1265 752 1328 Graecis
775 1267 954 1348 appellatum
977 1267 1007 1328 id
1030 1275 1077 1330 est
1100 1286 1137 1329 ex

120 1357 230 1416 amaris
257 1354 425 1434 amygdalis.
467 1356 575 1436 recipit
601 1362 702 1416 autem
729 1355 829 1418 nuclei
855 1355 961 1416 leviter
983 1357 1137 1418 torrefacti

120 1451 152 1504 et
173 1443 227 1504 lini
245 1445 368 1504 seminis
386 1443 523 1504 similiter
546 1443 710 1525 torrefacti,
732 1443 885 1506 ambarum
909 1446 1078 1524 specierum
1100 1457 1137 1510 ÷

121 1531 266 1613 singulas,
289 1531 434 1612 amygdali
452 1533 545 1592 amari
563 1531 706 1592 decoriati
728 1532 832 1593 leviter
850 1532 1004 1594 torrefacti
1021 1534 1044 1604 ᾖ
1061 1531 1137 1614 XVI,

1 1647 2 1650 ¹
118 1621 199 1682 faeni
227 1623 326 1700 graeci
353 1619 449 1681 moliti
475 1618 599 1700 evm,
629 1619 764 1700 draganti
787 1623 868 1682 tunsi
891 1628 921 1680 et
948 1621 1176 1703 cretiBVl,1s

118 1708 217 1770 mellis
240 1709 409 1788 despumati
432 1707 512 1788 quod
535 1709 696 1770 suffecerit.

210 1796 298 1858 aliud.
334 1804 403 1876 post
430 1799 577 1858 minutum
606 1796 739 1858 dolorem
767 1799 806 1872 si¹
820 1797 898 1859 forte
927 1803 1014 1876 sputa
1042 1815 1135 1878 puru-

117 1885 199 1946 lenta
218 1887 409 1967 proieceriut‚
432 1885 480 1946 dia
497 1887 615 1966 prassiu
635 1887 774 1971 superius
796 1887 828 1946 in
847 1885 975 1966 pthisica
997 1889 1135 1966 passione

118 1973 283 2054 conscripti
310 1972 489 2036 coclearium
510 1973 524 2036 1
552 1992 621 2036 cum
649 1975 727 2036 laeui
754 1977 854 2054 pasci
876 1993 949 2038 suco
972 1976 1081 2038 ieiunis
1104 1983 1136 2039 et

118 2061 157 2124 ad
179 2079 335 2142 vesperam
355 2065 442 2142 potui
465 2062 557 2124 dabis.
1148 2079 1176 2118 20

209 2149 297 2212 aliud
335 2153 482 2231 catapotia
503 2150 639 2232 bachica,
668 2150 698 2210 id
723 2159 769 2211 est
791 2151 994 2230 tussicularia,
1016 2169 1134 2232 vesper·
1202 2218 1215 2241 1

117 2241 182 2300 tino
214 2248 350 2318 tempore
381 2237 534 2300 cubaturis
565 2241 597 2300 in
625 2257 679 2298 ovo
709 2237 812 2299 sorbili
839 2247 890 2300 aut
922 2248 1003 2299 certe
1035 2239 1135 2319 tepida

118 2345 196 2406 aqua
219 2325 311 2388 dabis
349 2335 379 2388 et
403 2344 540 2387 somnum
563 2334 726 2406 provocant
744 2334 775 2387 et
796 2325 970 2387 tussiculam
990 2329 1134 2407 mitigant.

210 2415 290 2476 alind
308 2417 489 2477 couveniens
508 2418 633 2477 maxime
651 2417 678 2476 is
697 2417 748 2494 qui
767 2433 836 2476 cum
854 2414 1001 2477 solutione
1021 2419 1134 2478 ventris

191 2556 208 2604 2
226 2552 349 2620 bgmabe
367 2567 389 2617 c,
408 2551 553 2621 pimabap
578 2551 711 2621 (ptimaia
724 2553 779 2620 ρο).
869 2551 970 2621 pannis
989 2551 1087 2608 calidis
1106 2570 1133 2609 c:

115 2637 226 2692 pannos
245 2637 286 2676 ca.
301 2639 332 2690 p.
404 2621 522 2677 tetiam
532 2640 568 2692 p:
587 2623 617 2678 ei
630 2639 652 2678 c.
726 2621 851 2678 dicbilon
864 2639 906 2692 cp.
979 2624 1085 2706 bquod
1099 2655 1133 2666 -

117 2694 157 2762 (7)
177 2708 301 2762 appones
319 2707 369 2748 om.
389 2709 410 2748 c.
484 2693 611 2748 9moliti
635 2709 661 2748 c:
684 2693 789 2748 molliti
802 2711 833 2763 p.
906 2695 937 2748 et
958 2694 1079 2749 melrloti
1098 2699 1135 2749 ai

116 2762 252 2832 -3-.Il.p.
328 2769 361 2818 10
379 2763 440 2818 alab
456 2781 484 2834 c,
503 2763 575 2818 El'm
589 2781 620 2833 p.
703 2765 840 2832 tildcp.
923 2765 1133 2832 autemmp.
1211 2801 1212 2804 =

116 2833 250 2888 nucleum
268 2839 314 2890 ete.
330 2850 360 2903 1).
399 2843 400 2846 ’
465 2841 499 2889 13
519 2837 548 2890 eb
565 2836 583 2888 l.
603 2853 624 2888 s.
644 2834 774 2888 similiter
791 2849 842 2888 mn.
862 2849 884 2890 c.
989 2833 1135 2890 torrefacti

116 2921 225 2978 addidi.
316 2921 425 2983 ambott
444 2923 546 2991 spebus
566 2903 603 2982 ..35
624 2920 738 2992 singl'as
753 2937 779 2976 c:
798 2908 866 2992 ub¹s3
891 2921 956 2990 (pro
979 2919 1134 2990 utriusque)

116 2997 161 3048 αἱ.
181 2995 208 3061 ἢ
227 2991 256 3049 .Ι.
271 3009 301 3062 p.
388 2999 422 3046 14
441 2991 576 3048 decoriati
595 3009 621 3047 c:
645 2991 790 3046 discoriab'
803 3008 834 3061 p.
911 2989 983 3046 siml'
1002 2990 1135 3048 berefacti

114 3065 188 3131 (laic)
205 3079 226 3118 c.
301 3069 333 3120 15
352 3063 445 3119 moliti
463 3071 482 3125 3
501 3061 582 3117 VIIII
594 3078 627 3131 p,
645 3060 777 3117 melliloti
794 3067 810 3123 3
830 3061 896 3118 VlII
916 3077 937 3118 c.
1010 3063 1134 3120 bracanbi

117 3151 140 3202 c,
165 3134 274 3205 dragib.
293 3151 324 3204 p.
403 3140 435 3189 te
454 3151 491 3188 m.
516 3132 668 3202 dispumati
691 3151 718 3202 q.
742 3131 848 3188 sufficis
870 3149 911 3203 ep.
1013 3141 1046 3190 18
1073 3134 1133 3190 dia·

0 3215 1 3224 ¹
115 3205 284 3276 prasium,
303 3203 419 3274 -siiga
491 3203 574 3259 bisica
588 3220 628 3273 cp.
703 3209 736 3258 19
751 3203 939 3275 conscriptum
954 3221 975 3262 c.
1049 3207 1134 3262 cocl'r

111 3294 144 3346 p,
164 3275 233 3332 cocl'
253 3291 274 3330 c.
348 3293 412 3330 cum
430 3275 497 3330 fenu
515 3290 599 3346 greco
618 3277 678 3345 (om.
698 3277 774 3345 suco)
795 3292 816 3334 c.
888 3275 983 3332 ieiunia
1003 3295 1024 3333 c.
1097 3282 1133 3331 20

116 3347 154 3400 ad
181 3363 330 3416 vesperum
362 3349 424 3429 (om.
452 3347 492 3415 eb)
521 3361 542 3402 c.
596 3415 602 3430 ι
650 3351 691 3429 21.
711 3348 828 3418 capucia
855 3363 884 3416 c,
915 3347 1076 3430 catapocias
1099 3363 1131 3414 p.

116 3417 233 3473 bebbica
251 3433 273 3486 c,
291 3417 422 3472 bschrcas
431 3433 463 3488 p.
535 3416 725 3474 lusucularros
734 3435 765 3487 p.
839 3424 872 3474 22
887 3435 942 3476 ova
955 3419 1071 3474 sorbilia
1089 3433 1131 3485 ep.

0 3549 1 3552 g
116 3493 150 3544 23
170 3490 199 3544 et
217 3504 244 3544 c:
263 3504 318 3557 que
337 3490 366 3543 eb
382 3505 409 3557 p.
482 3493 518 3542 at
535 3487 572 3542 is:
591 3487 635 3543 his
653 3504 695 3558 ep.

918 3575 971 3630 11*
