2588 4028
579 233 819 336 ‘14⁶5

188 384 217 445 id
249 393 294 444 est
324 383 504 462 dimissoria,
537 387 656 460 oportet
688 379 852 458 cumprime
879 386 1033 458 aegrotum
1063 377 1206 460 ydrelaao
1289 377 1290 388 ’

188 471 282 534 calido
310 477 490 551 perunctum
518 469 615 530 lavare
643 467 777 528 calidiori
803 465 919 528 lavacro
950 485 986 528 ox
1014 466 1090 548 aqua
1122 469 1205 532 dulei

186 569 375 642 praeparato,
408 567 439 619 et
470 560 595 619 maxime
627 555 693 617 illos
723 555 907 617 lavacrorum
940 562 1100 637 amatores,
1127 575 1205 637 quos

187 648 294 711 Graeci
325 647 525 710 filolutrnntas
556 644 713 726 appellant.
759 651 790 705 et
820 653 978 724 postquam
1011 645 1204 708 calidioribus

161 737 271 799 scelus
291 754 430 818 egressus
449 735 549 817 luerit,
567 736 598 795 in
617 734 761 812 piscinam
780 731 962 794 descendere
980 733 1080 794 facies.
1113 737 1204 796 etiam

188 835 219 887 et
241 829 343 887 urinas
362 824 488 904 simplici
508 825 669 903 apozimate
692 819 867 900 provocabis
886 839 922 882 ex
945 821 1121 884 decoctione
1143 827 1204 904 apii

188 925 219 976 et
252 917 344 996 aneti,
376 931 435 993 qno
467 914 563 992 possit
593 911 702 971 humor
734 908 783 970 ille
810 909 922 971 lellitus
946 927 1002 989 per
1026 912 1130 972 urinas
1154 912 1204 974 de·

187 1005 318 1083 purgari.
354 1004 423 1062 rino
445 1019 516 1061 vero
540 1007 699 1079 antequam
717 998 871 1078 aegritudo
894 999 999 1078 pepsin
1023 999 1112 1060 iaciat
1134 1018 1205 1079 pro-

188 1090 313 1152 hibebis.
349 1096 506 1169 postquam
530 1105 601 1148 vero
624 1088 730 1148 feeerit
751 1088 871 1167 pepsin,
894 1095 984 1148 tenue
1008 1095 1039 1148 et
1061 1096 1205 1166 aquatum

126 1199 128 1208 ·
148 1195 175 1234 ιο
189 1177 344 1240 concedes.
386 1185 417 1238 et
440 1177 564 1238 mulsam
590 1175 729 1256 frigidam
752 1173 809 1236 sub
836 1174 910 1234 hora
932 1177 1112 1236 accessionis
1134 1185 1205 1256 post

188 1270 315 1348 primam
341 1265 498 1346 periodum
524 1267 609 1346 potui
637 1263 733 1344 dabis,
761 1265 901 1343 qnoniam
928 1263 968 1324 lel
995 1263 1138 1346 rubeum,
1167 1284 1205 1327 ex
1287 1343 1288 1350 ἵ

189 1375 249 1436 quo
282 1373 370 1417 eausa
402 1361 551 1435 movetur,
584 1371 676 1433 super
708 1369 811 1414 omnes
843 1352 984 1413 humores
1016 1354 1048 1413 in
1073 1369 1205 1434 corpore

189 1447 268 1506 sicca
291 1453 321 1505 et
343 1461 441 1504 amara
464 1445 574 1504 vntute
596 1443 688 1521 viget,
711 1440 837 1519 ideoque
856 1447 999 1520 utsupra
1022 1441 1136 1502 dictum
1159 1451 1207 1504 est

189 1540 394 1613 competenter
425 1531 623 1596 humectando
656 1537 687 1590 ot
718 1528 922 1608 refrigerando
955 1537 985 1590 et
1016 1529 1206 1592 obdulcando

149 1636 175 1677 15
189 1619 315 1683 sanabis.
357 1623 400 1682 sic
429 1623 508 1681 enim
535 1621 634 1681 omnia
661 1618 819 1678 contrariis
846 1616 904 1678 sibi
930 1615 1021 1679 rebus
1049 1628 1205 1682 curantur.

278 1711 403 1790 lysicum
422 1709 457 1769 ad
476 1717 580 1788 typum
598 1708 769 1768 tertianum.
804 1705 954 1767 coriandri
972 1708 1093 1767 seminis
1113 1725 1207 1787 grana

189 1799 230 1859 lll
253 1805 321 1878 post
344 1799 463 1859 tertiam
486 1797 532 1856 vel
555 1803 691 1875 quartam
714 1793 870 1872 periodum
895 1793 979 1856 dabis
1002 1797 1149 1856 nescienti
1174 1799 1206 1857 in

189 1905 244 1946 ovo
260 1885 406 1946 sorbenda
420 1893 488 1944 ante
508 1883 578 1944 solis
597 1890 697 1944 ortum
716 1891 783 1942 ante
803 1885 1012 1964 accessionem,
1032 1891 1061 1944 et
1076 1883 1208 1945 sanabis.

243 2059 341 2120 LVlll.
378 2059 426 2120 Ad
451 2068 571 2138 typum
596 2061 792 2120 tertianum
816 2078 885 2120 non
909 2060 1149 2123 manifestum.
1184 2103 1196 2116 ,

149 2203 175 2242 eo
279 2184 345 2244 Non
363 2185 539 2246 manifestus
557 2185 703 2245 tertianus
722 2201 739 2243 a
757 2182 878 2244 Graecis
897 2183 1006 2245 nothus
1030 2185 1205 2264 appellatur.

190 2273 238 2335 hio
254 2281 342 2354 typus
356 2272 495 2335 sordidus
510 2271 657 2334 aGraecis
673 2289 797 2352 ryparos
811 2271 973 2352 appellatus
984 2271 1040 2333 snlt
1057 2273 1206 2351 frigidiori
1289 2341 1290 2356 q

263 2485 276 2532 1
293 2460 453 2560 03uori1¹ome
471 2479 635 2549 egrotum,
654 2477 768 2569 oportet
780 2478 909 2562 egrotum
922 2477 1013 2548 primo
1027 2494 1058 2560 p.
1131 2478 1206 2534 idre-

189 2549 254 2604 leon
278 2547 401 2604 celadum
425 2566 451 2617 e,
479 2549 594 2619 ydrolee
619 2548 676 2618 (—l
686 2551 712 2620 e)
735 2547 827 2604 caludo
845 2565 875 2618 p.
928 2603 934 2612 s
985 2554 1000 2602 3
1029 2550 1150 2619 pparato
1178 2567 1206 2605 e:

191 2634 346 2708 temperato
360 2654 391 2708 p.
465 2643 482 2692 4
500 2629 653 2694 filolutrutt
666 2654 704 2708 p,
723 2637 915 2693 filolutimidos
933 2653 948 2692 o
965 2635 1040 2706 (Gal.
1062 2637 1127 2706 XI,
1146 2640 1205 2707 34).

189 2709 254 2762 bin
272 2725 322 2764 oro.
343 2726 383 2780 op.
460 2708 530 2763 lacis
549 2723 591 2778 cp.
667 2709 754 2763 etiam
772 2739 808 2748 —
826 2707 992 2778 provocabis
1011 2725 1062 2765 oro.
1081 2725 1104 2765 e.
1190 2717 1205 2763 7

189 2779 359 2850 attenedo,
383 2779 733 2849 etanpratcnetipr).
825 2778 900 2848 quod
918 2795 949 2848 p.
1040 2779 1136 2834 vinum
1162 2797 1205 2851 ep.

188 2851 283 2934 urinas
302 2867 328 2906 o:
348 2868 449 2906 -nam
462 2869 494 2922 p.
603 2847 765 2921 depurgari=
790 2849 1017 2933 provocarinlaic)
1036 2866 1077 2920 op.
1177 2856 1204 2932 ,8

188 2939 288 3048 etti
301 2929 353 3062 ll
371 2925 444 3048 (pil
458 2923 670 3064 satanan·
708 2919 998 3061 quintiliani
1072 2927 1206 3047 lapilli

190 3065 244 3130 (ca)
264 3080 305 3133 ep.
378 3068 514 3119 taut-
536 3067 592 3132 (14)
610 3061 801 3134 refrigerando
820 3080 847 3119 c:
866 3077 916 3118 om.
927 3079 958 3131 p.
1033 3067 1065 3117 17
1084 3063 1205 3118 torcium

189 3133 235 3188 vel
255 3135 387 3202 quartum
405 3151 431 3188 e:
451 3135 498 3190 ΙΙΙ.
518 3135 565 3190 val
583 3135 651 3191 .Illl.
665 3151 697 3204 p.
769 3135 799 3188 in
815 3151 899 3189 ovum
913 3136 977 3202 (ovo
992 3135 1016 3202 c)
1035 3133 1205 3189 sorbendum

191 3203 276 3272 (-d')
290 3221 321 3274 p.
396 3209 428 3259 18
448 3221 473 3260 a.
493 3208 585 3261 ortum
603 3204 669 3260 tolia
682 3223 713 3276 p.
785 3207 852 3260 anie
866 3206 945 3274 (eoo.)
954 3221 990 3273 p:
1009 3205 1060 3260 ant
1073 3222 1095 3259 o.
1171 3211 1204 3258 19

189 3274 232 3330 De
251 3293 305 3330 non
324 3274 473 3330 manifesto
490 3275 613 3331 tertiano
627 3293 650 3346 p
668 3279 711 3346 (in
728 3291 781 3347 quo
798 3281 890 3332 tameo
902 3276 973 3332 mle
991 3276 1126 3330 concedit
1143 3291 1204 3344 cop.

190 3345 250 3412 „De
268 3349 337 3416 typo
355 3345 562 3414 quotidiano“)‚
585 3347 630 3400 Ad
652 3349 744 3419 tu'pum
766 3347 918 3404 tertianam
940 3363 998 3402 non
1022 3345 1205 3401 manifestum

189 3417 248 3471 ind.
273 3433 287 3471 c
311 3420 348 3482 (et
366 3419 413 3486 p):
442 3417 486 3472 Ad
509 3418 626 3473 notham
648 3419 801 3476 tercianam
825 3435 846 3474 e.
965 3423 997 3472 nl
1026 3416 1135 3487 ripaeos
1163 3433 1205 3486 cp.
1289 3467 1290 3474 ,

187 3487 348 3558 appellatur
366 3504 388 3542 c.
460 3487 643 3557 frigidissimo
657 3507 688 3560 p.
