2576 4040
558 254 797 319 -198-

182 412 245 448 rum
268 396 364 464 partes
386 393 514 448 medetur
535 397 577 448 48.
610 393 646 458 cf.

182 459 370 532 κατωτερικός
388 468 405 531 (.
418 506 424 520 .
436 462 648 518 medicamini-

182 536 234 591 bus
258 534 334 606 potis
358 550 430 604 quae
454 534 555 589 Graeci
581 551 647 589 ano·

182 607 271 662 terico
289 607 463 661 vocaverunt
481 604 554 661 Occi.
575 605 646 662 Aur.

183 679 238 734 cler.
259 683 285 744 4,
301 683 335 732 64
353 692 415 746 opp.
435 692 507 745 quae
526 676 647 746 clystere

183 747 337 804 iniciuntur
354 749 412 817 it).

165 811 443 891 exsecratorem
457 816 580 888 simplici
588 833 647 873 cor-

183 892 309 946 rectione
324 888 510 960 (correptione
526 906 557 958 p,
578 904 646 943 corr.

183 961 360 1016 connectione
365 962 389 1030 t)
400 959 554 1014 divisurum
563 959 647 1028 (Cael.

183 1033 266 1100 Aur.)
277 1032 366 1098 dabis,
377 1048 444 1085 nam
454 1029 554 1085 Graeci
563 1030 647 1100 aplen

184 1101 305 1156 dieresin
322 1103 432 1157 vocant.
454 1106 495 1156 18.

166 1163 335 1240 ἀπόζεμαε
384 1171 479 1226 urinas
526 1169 648 1240 simplici

184 1243 340 1314 apozimate
359 1240 525 1312 provocabis
545 1257 579 1296 ex
600 1241 647 1296 de·

184 1313 310 1370 coctione
334 1313 392 1383 apii
415 1314 445 1367 et
467 1311 586 1380 anctip
612 1317 646 1366 57

185 1385 262 1456 (Sim.
277 1401 298 1439 a.
318 1383 445 1454 apozima
459 1383 585 1438 decoctio
605 1380 647 1436 di-

184 1473 327 1511 versarum
345 1453 548 1509 medicinarum
559 1496 565 1508 .
576 1497 583 1510 .
594 1455 622 1522 .).

166 1519 450 1598 ἀποκρουστικόνι
499 1525 647 1595 collyrium

184 1597 392 1668 apocrnsticum
404 1596 577 1651 Hermolaon
592 1597 647 1650 sta

183 1669 262 1725 ticon
288 1668 464 1752 appellatum
486 1668 596 1737 (Actias
621 1671 646 1734 7,

186 1742 248 1810 102)
279 1739 488 1795 faorens...ad
519 1739 648 1793 reumata

183 1811 347 1881 repellenda
374 1813 404 1865 et
431 1807 599 1863 desiccante
629 1823 648 1876 p

184 1887 227 1937 29.
269 1881 303 1948 of.
329 1879 425 1935 Simon
448 1895 468 1934 a.
493 1877 649 1947 apocrusti·

185 1968 249 2005 curn
264 1966 346 2020 grece
355 1948 577 2019 repercussivum
587 1947 648 2002 red·

326 2018 649 2146 aletrinae

184 2163 297 2219 mirtino
316 2165 345 2235 (i.
360 2180 381 2218 c.
398 2162 489 2219 Gaeaii
507 2161 649 2231 appendix

186 2234 279 2290 Parta
294 2235 314 2303 f.
330 2233 390 2302 85¹³,
403 2234 453 2288 ati
466 2234 519 2288 etc:
534 2233 648 2287 Mirtam

183 2305 302 2361 viridem
327 2308 356 2360 et
379 2305 518 2359 minutam
543 2319 646 2371 coques

183 2377 214 2430 in
237 2393 311 2444 aqna
335 2379 364 2430 et
382 2376 445 2430 olco
464 2375 554 2428 donec
573 2390 648 2442 aqua

183 2447 353 2515 insumatur,
376 2462 433 2500 non
451 2448 546 2499 tamen
564 2444 648 2498 nimis

183 2516 326 2572 nsulsum
341 2517 447 2584 ardeat,
462 2517 492 2570 at
502 2515 648 2569 redactum

184 2587 247 2642 usui
261 2587 423 2642 reservabis.
451 2585 649 2640 hebetantem

183 2657 318 2713 virtutem
332 2655 537 2728 apocmsticam
555 2655 586 2710 id
604 2657 649 2710 est

184 2729 419 2800 redarguentem).

166 2792 374 2872 ἀποπληξίαι
416 2797 569 2869 apoplexia
605 2798 648 2852 est

718 393 809 448 interl.
828 394 869 462 9⁰)
888 392 991 447 vocant
1010 397 1042 448 18
1058 393 1109 460 (etc
1122 410 1183 464 pop,

718 469 748 518 ot
762 463 859 518 Simon
867 479 888 518 s.
900 463 1039 532 apostasis
1053 464 1101 519 vel
1114 481 1184 534 apo-

719 537 950 616 staseosgrecea
970 537 1085 590 osterna.
1115 535 1184 591 Cas-

719 605 776 660 sius
794 605 886 660 Fclrx:
905 620 938 659 oo
963 605 1087 660 actiones
1106 608 1186 677 greci

720 677 883 746 apostaseos
911 678 1023 746 vocant)
1053 701 1088 722 =
1118 678 1183 734 Isid.

720 752 745 814 4,
761 753 786 815 ⁵1,
808 752 848 801 la.
875 741 1062 816 ἀποστήματα
1081 773 1116 794 =
1136 749 1185 803 ab·

720 834 828 872 acessus
838 816 906 872 Octa.
916 823 942 886 t,
959 824 973 871 1
990 818 1185 904 <collectiones

719 889 847 943 occultae
862 913 897 934 a·
911 883 1081 958 ἒμπυηματα
1098 908 1122 945 c.
1137 896 1184 947 21.

712 959 755 1044 ,⁶f·
772 957 844 1014 Ooel.
858 960 930 1014 Aur.
946 960 1001 1042 clarz
1020 965 1053 1042 ῤ,
1061 963 1117 1029 91).

701 1029 1184 1182 “attitulationis

718 1187 801 1241 grece
824 1173 954 1240 artetrca)
978 1171 1032 1240 def.
1052 1179 1085 1226 52
1111 1174 1182 1242 (diff.

718 1240 868 1312 podagrici
886 1267 921 1288 =
941 1240 1012 1298 anz.
1034 1243 1107 1300 Aur.
1126 1246 1181 1299 chr.

719 1317 749 1379 5,
782 1313 836 1381 27).
893 1312 1051 1368 artiomaris
1089 1315 1183 1384 passio

712 1381 793 1466 ‚Cael
825 1381 876 1450 (cf.
892 1383 990 1450 Ptin).
1072 1441 1085 1462 .

701 1453 882 1525 αρκευθὶςτ
905 1453 1027 1524 iuniperi
1049 1455 1183 1510 bacarum

719 1541 789 1593 quas
822 1523 924 1580 Graeci
959 1525 1113 1580 arciotidas
1149 1530 1182 1594 (c,

719 1595 843 1650 orotidas
870 1597 905 1665 p)
936 1597 1041 1650 vocant
1072 1614 1105 1666 cp
1137 1603 1181 1652 49.

720 1667 765 1734 (of.
785 1666 878 1722 Dioec.
899 1672 923 1732 1,
944 1669 1013 1735 103).

701 1727 869 1807 ἀρτὸμελι
882 1739 947 1792 etc:
960 1737 1090 1792 artomeli
1098 1739 1184 1806 (reae

720 1807 844 1874 —melli)
857 1808 1032 1877 cataplasma
1041 1815 1076 1863 44
1092 1809 1184 1879 (panis

721 1878 1182 1948 cummalleiactnsSimoa).Alec.

721 1950 768 2004 tat.
782 1956 807 2016 2,
819 1956 870 2004 129
886 1951 943 2034 (cit.
958 1949 1043 2018 Sim).
1068 1951 1104 2018 cf.
1120 1951 1183 2006 Gal.

720 2019 769 2089 (X,
794 2025 845 2076 ’196
868 2041 900 2075 το
924 2017 1102 2090 καλούμενον
1126 2015 1183 2076 ὑπὸ

719 2091 776 2144 τῶν
796 2089 899 2160 ἰατρῶν
913 2086 1055 2162 certasse.
1077 2093 1115 2148 ib.
1130 2099 1183 2148 910

714 2163 794 2244 ¹etc),
814 2161 921 2218 Oritas.
936 2167 984 2216 etc.

702 2227 912 2303 apcopotyov:
945 2234 1120 2302 cataplasma
1149 2251 1183 2290 ex

719 2301 855 2357 lenticula
867 2307 896 2358 et
909 2319 982 2372 pane
996 2305 1108 2360 adiecto
1124 2323 1183 2360 mo·

719 2373 782 2428 dico
805 2374 890 2428 melle
911 2374 1083 2441 confectum,
1107 2377 1184 2446 qnod

719 2443 869 2514 artcfagon
894 2448 998 2500 vocant
1020 2452 1063 2504 32.
1100 2447 1184 2502 lanti-

719 2515 785 2570 cula
802 2515 936 2571 ...trita
971 2533 1036 2571 cum
1071 2518 1183 2572 modico

718 2585 804 2640 melle
832 2589 862 2641 et
887 2603 961 2656 pana
988 2587 1081 2643 infuso
1108 2591 1183 2643 cata-

718 2656 885 2781 plasmabia
905 2657 980 2725 quod
994 2657 1095 2714 Graeci
1109 2662 1183 2714 arte·

730 2743 817 2796 agion
833 2729 887 2798 (pp,
906 2729 1074 2800 artopagion
1089 2732 1114 2799 c)
1134 2747 1185 2800 ap·

718 2797 829 2867 pellant
847 2805 890 2854 22.

184 2871 364 2943 dictapassio
373 2871 410 2927 ab
422 2869 541 2953 eoquod
550 2867 647 2924 morti·
700 2863 933 2936 ἀσθματικόςτ
959 2869 1102 2926 astmatici
1119 2872 1182 2940 (rec.

183 2944 243 2999 fero
266 2943 326 3000 ictu
354 2958 478 3012 corporis
506 2939 592 2995 simul
618 2941 648 2994 et

184 3015 295 3070 animae
305 3012 454 3070 concidant
465 3010 646 3082 patientes...

185 3101 250 3138 nam
260 3085 364 3139 dicitur
369 3082 520 3152 apoplexia
527 3083 557 3136 et
566 3098 646 3152 para·

185 3153 287 3222 plexia
301 3154 352 3210 sed
363 3153 525 3222 apoplexia.
534 3194 540 3207 .
548 3152 648 3206 totins

186 3222 310 3292 eorporis
333 3239 394 3278 esse
419 3221 595 3291 intellegitur
605 3265 611 3277 .
623 3261 647 3277 ..

183 3292 349 3364 paraplaxia
361 3307 429 3346 vero
447 3291 477 3345 in
491 3307 549 3345 una
566 3294 648 3360 parte

184 3363 308 3434 corperis
327 3361 447 3419 efficitur
465 3367 509 3417 65.

166 3426 648 3504 dxoovnaamllectionesiiraeoi

185 3507 361 3576 apostemata
379 3503 552 3576 (eruptiones
567 3506 647 3576 ploos.

719 2939 851 2994 asmatici
880 2958 940 3010 pop.
997 2943 1031 3008 cf.
1060 2941 1132 2996 Sim?
1160 2958 1182 2996 a
1275 2963 1276 3004 ff

718 3026 798 3065 asma
816 3012 861 3066 cit.
882 3012 967 3068 Paul.
981 3018 1006 3067 ct
1022 3029 1044 3068 a.
1060 3012 1184 3082 asthma)
1275 3023 1276 3035 ¹

719 3081 852 3136 dicuntur
875 3082 964 3138 latino
987 3099 1114 3139 sermone
1134 3101 1183 3138 an-

720 3152 811 3207 helosi
832 3153 881 3208 vel
903 3153 1055 3223 suspiriosi.
1079 3161 1113 3208 41
1136 3156 1183 3224 (f.

720 3223 863 3279 anhelatio
893 3222 960 3280 oea.
989 3230 1018 3294 4,
1046 3230 1072 3278 8.
1111 3225 1183 3282 Cael.
1274 3231 1275 3252 ¹

701 3297 987 3433 &imagiginem
1017 3365 1187 3436 hydropicae

716 3437 858 3504 passionis
901 3438 1049 3503 dietuaaia)
1086 3453 1104 3490 a
1135 3453 1188 3492 va·

719 3505 827 3560 teribus
850 3506 951 3562 ascitas
972 3507 1135 3562 nominatur
1154 3507 1186 3561 id
