2558 4022
486 230 704 295 -45.„

88 374 235 453 fugientes
258 374 298 434 ita
319 381 353 434 ut
376 391 409 433 se
432 374 464 434 in
482 372 636 452 spaerulas
653 373 789 452 plicando
808 383 982 438 convertant
1005 407 1047 420 —
1071 379 1103 436 in

87 461 151 522 olco
175 479 287 540 coques
310 469 341 522 et
364 459 487 522 auribus
510 459 664 540 infundes,
687 469 719 522 ct
742 481 833 542 super
851 463 1006 544 vaporalis
1026 483 1102 526 mar·

86 551 171 629 sopio
194 550 226 610 id
251 559 297 612 est
319 548 438 610 sacculo
461 547 576 609 torrido
599 548 659 610 sale
681 550 812 631 repleto,
834 560 865 612 et
887 555 997 614 iterum
1023 561 1103 632 tepe-

85 639 196 700 factum
225 637 474 698 medicamentum
502 636 654 718 infundes,
681 647 712 699 et
738 638 805 700 lana
835 640 944 701 munda
967 659 1000 702 ac
1023 640 1131 702 mollia

85 729 166 806 ipsas
190 743 333 786 cavernas
355 725 461 786 blande
485 724 636 787 obtrudes.

177 813 257 874 aliud
281 812 447 874 tumoribus
470 815 659 876 couveniens.
697 815 792 896 adipis
815 819 948 878 anserini
971 825 1023 877 aut
1045 817 1103 896 gal·

86 903 195 964 linacei
215 908 316 982 partes
339 899 379 982 ll,
402 901 460 962 olei
482 902 660 982 amygdalini
682 922 719 964 ex
741 907 850 966 amaris
872 905 1032 985 amygdalis
1055 923 1104 966 ex·

85 993 184 1071 pressi
205 997 321 1070 partem
344 989 357 1048 1
379 992 411 1050 in
434 1008 494 1050 uno
518 991 726 1052 commiscebis
749 1000 780 1054 et
805 993 988 1074 tepefactum
1010 993 1104 1054 instil-

87 1078 173 1159 labis‚
196 1080 416 1158 praevaporatis
440 1077 576 1158 partibus
600 1082 732 1160 spongiis
758 1080 944 1143 calidissimis
968 1095 1145 1162 exaqua10

71 1167 178 1228 'calida
197 1169 347 1246 expressis
366 1174 454 1245 atquc
474 1167 588 1228 alterna
606 1171 770 1231 mutatione
789 1173 941 1250 appositis.
973 1178 1005 1231 et
1021 1178 1102 1250 post·

86 1274 173 1335 quam
201 1255 372 1335 stillaveris,
400 1257 511 1316 iterum
538 1274 630 1335 super
656 1266 863 1336 competenter
889 1258 1045 1339 vaporabis
1072 1266 1104 1319 ct

86 1345 164 1404 molli
191 1344 260 1404 lana
287 1345 377 1404 sicuti
404 1361 494 1422 supra
522 1344 650 1406 diximus
677 1349 818 1424 patientia
846 1347 910 1408 loca
938 1346 1058 1409 tutabis.
1087 1339 1194 1446 lssf'fggg

87 1431 216 1513 [oportet
234 1439 391 1512 aegrotum
408 1433 489 1492 inani
506 1435 710 1494 masticatione
729 1453 763 1494 os
783 1453 969 1496 commovere
989 1442 1020 1496 et
1037 1435 1081 1496 sic
1091 1445 1214 1498 *mort-17

86 1521 334 1582 medicamentum
356 1521 389 1578 in
411 1519 534 1579 auribus
557 1523 702 1600 accipere.
1118 1535 1143 1576 ιε

170 1611 244 1670 item
264 1606 343 1668 aliud
362 1606 410 1667 dia
428 1614 565 1668 tessaron
586 1608 765 1689 appellatum
782 1610 895 1670 faciens
913 1610 950 1670 ad
968 1619 1102 1672 tumores

88 1701 215 1780 aurium,
250 1714 327 1776 quos
360 1694 466 1756 Graeci
503 1695 666 1776 flegmones
697 1705 817 1758 vocant:
853 1697 912 1758 mel
948 1700 1103 1779 optimum,

86 1789 167 1866 ysopi
189 1787 276 1848 attici
299 1802 419 1864 sucum,
441 1783 600 1845 nardinum
623 1793 810 1864 unguentum
833 1793 864 1846 ct
886 1785 1102 1866 amygdalinum

86 1877 148 1952 pari
175 1874 321 1954 pondere.
366 1874 462 1934 uteris
494 1875 573 1934 sicut
602 1892 701 1954 supra.
748 1877 774 1936 si
805 1893 875 1936 vcro
910 1875 1102 1936 inccndiosus

87 1961 174 2024 luerit
203 1963 319 2024 doloris
351 1979 474 2042 sensus,
505 1969 536 2022 et
567 1965 660 2042 magis
692 1972 827 2043 tempore
855 1966 976 2026 aestatis
1008 1972 1039 2026 et
1070 1967 1102 2026 in
1116 1981 1142 2020 eo

88 2057 178 2112 aetate
202 2052 347 2131 ferventi,
371 2057 488 2110 acetum
511 2068 633 2112 rosaceo
656 2051 819 2114 admixtum
841 2053 990 2114 infundes.

156 2279 170 2326 1
190 2272 319 2344 operulas
338 2272 461 2340 (perulas
479 2273 504 2340 c)
521 2288 573 2342 pop
597 2272 696 2341 (Sim).
805 2271 938 2342 plicando
956 2290 973 2343 p
992 2279 1017 2328 et
1035 2273 1101 2330 Sim.

88 2343 242 2410 (politondo
262 2359 286 2410 c,
305 2343 454 2412 aplicendo
468 2343 509 2412 p).
596 2349 612 2396 2
632 2359 685 2414 coq
703 2360 728 2414 p.
818 2343 962 2413 marsupio
979 2361 1010 2414 p:
1029 2360 1101 2399 mor-

88 2415 234 2540 illlata
244 2412 401 2554 lilillssl
419 2413 639 2555 iolmldpldl
656 2416 900 2542 meppea
917 2413 1100 2558 lap&

88 2572 169 2624 -pes
183 2572 204 2610 c.
276 2525 541 2626 acommisces’pcp.
616 2561 650 2611 10
665 2575 698 2612 ex
716 2574 764 2626 cp:
783 2558 813 2612 ei
825 2573 852 2626 9.
922 2563 954 2612 11
970 2529 1102 2614 calide-3

87 2627 234 2695 postquam
258 2628 292 2680 in
311 2631 388 2682 tecto
411 2641 460 2681 can.
484 2628 532 2682 sed
553 2628 584 2680 in
606 2629 659 2694 inf.
682 2629 806 2698 morpiue
827 2630 935 2698 complet
952 2646 983 2698 9,
1006 2634 1103 2684 notula

88 2696 163 2763 duno
180 2700 234 2766 Ὗ).
310 2703 343 2751 12
362 2697 493 2752 stillare?
505 2715 524 2769 p
542 2699 661 2766 (-veris
680 2703 732 2770 cp).
820 2704 853 2754 13
872 2701 946 2754 sicut
964 2699 1059 2768 (sicuti
1076 2701 1101 2768 c)

89 2794 121 2804 -
139 2767 254 2823 lababis
278 2768 329 2836 (sic
344 2785 377 2836 p,
403 2773 435 2822 ut
452 2785 565 2838 semper,
594 2770 716 2825 mutabis
740 2770 764 2838 c)
787 2786 833 2838 cp:
857 2769 897 2825 sic
921 2787 1005 2839 supro
1027 2769 1103 2838 ipsas

89 2851 218 2893 cavernas
236 2839 342 2894 blande
361 2839 493 2894 oblmdes
510 2857 529 2909 9
546 2841 607 2908 (qui
625 2842 717 2895 eodem
730 2842 812 2895 etiam
829 2857 900 2910 quoe
916 2855 1004 2908 macro
1021 2841 1103 2894 verbu

90 2921 176 2961 errore
193 2910 340 2979 respodens
357 2911 486 2980 scripsit).
600 2911 671 2965 deest
688 2913 721 2965 iu
737 2927 755 2980 9
777 2911 843 2977 finis
861 2927 920 2980 cop.
942 2925 1003 2964 cum
1021 2910 1103 2964 initio

89 2981 227 3044 sequeutia.
301 2985 336 3034 14
350 2981 482 3049 (oportet)
497 2981 593 3036 aulem
607 2981 671 3036 cdd.
682 2997 712 3050 p.
785 2979 994 3036 masticatione:
1015 2981 1103 3036 mani-

89 3045 235 3105 festatione
253 3067 276 3118 c,
295 3050 509 3106 coaedificatione
524 3067 555 3118 p.
663 3068 706 3106 ros
725 3067 838 3106 movere
855 3053 920 3119 (sic)
932 3069 963 3121 p.
1070 3059 1102 3108 16

90 3115 245 3176 diatcsaron
264 3139 306 3192 cp.
406 3121 582 3191 appellatum
600 3138 650 3177 om.
665 3139 695 3190 p.
790 3124 926 3178 tumores:
947 3141 1042 3180 ——rem
1060 3141 1102 3193 cp.

91 3191 123 3241 17
141 3191 215 3258 quod
234 3193 275 3266 (q)
294 3208 335 3262 ep.
443 3191 584 3262 flegmona
602 3209 624 3263 c,
641 3192 787 3248 fleimonos
800 3210 830 3262 p.
935 3195 993 3250 mol
1011 3211 1037 3250 c:
1057 3195 1103 3250 vel

91 3257 129 3325 (Γ)
143 3276 174 3328 p.
245 3264 384 3332 optimum
398 3280 433 3334 p:
453 3265 549 3332 aptum
568 3280 591 3320 c.
674 3270 707 3320 18
726 3264 794 3320 acici
812 3281 853 3334 op.
926 3265 1101 3320 nardini...

92 3329 254 3408 amigdaliui
267 3351 297 3403 p.
391 3340 423 3390 19
443 3333 628 3403 poripondere
646 3353 673 3390 c:
696 3335 777 3406 paria
795 3337 921 3406 pondero
938 3337 1022 3406 (-rie
1040 3342 1104 3392 cute

91 3413 140 3466 cpe.
163 3406 243 3470 corr.)
261 3421 291 3474 p.
400 3411 432 3460 21
457 3407 534 3460 clete
551 3422 588 3476 p:
613 3409 703 3462 estete
721 3423 744 3462 c.
852 3409 963 3462 acetum
982 3409 1059 3476 (—-to
1077 3409 1141 3475 e)¹

92 3483 202 3526 rosaceo
221 3477 358 3530 emixlum
376 3475 489 3545 (amitto
508 3478 534 3545 c)
553 3493 594 3547 cp.
