2588 4028
506 200 746 263 -113—

114 354 256 426 quattuor
278 347 361 425 paria
383 343 516 424 pondera
540 344 680 404 conficies
704 353 733 404 et
756 342 838 404 dabis
859 343 1036 406 coclearium
1061 345 1073 406 l
1097 347 1127 406 in

113 435 235 514 potione
258 435 319 494 vini
342 433 484 512 tepefacti
506 440 558 492 aut
581 433 661 512 passi
684 431 804 492 conditi.

204 521 372 584 antidotum
399 521 577 582 nclreticum
605 519 760 582 calculosis
787 522 981 600 aptissimum.
1022 524 1128 601 recipit

113 609 270 672 betonicae
304 626 428 689 spanae,
468 609 557 670 lascis
591 607 687 687 gallici
724 610 827 670 uncias
864 609 993 687 singulas
1029 612 1129 688 semis,

112 699 279 776 saxifragae
307 705 444 778 petrosae
473 699 594 758 seminis
622 705 674 758 ant
699 696 887 778 petroselini,
915 700 1037 758 seminis
1064 698 1154 760 clu-⁵

112 788 205 867 satri,
227 785 290 846 lolii
313 784 459 846 barbarici
482 785 576 847 idest
597 784 784 866 malobathri,
807 786 920 866 piperis
945 784 1004 847 albi
1027 789 1129 848 uncias

10 863 11 874 ³
112 873 262 954 singulas,
291 891 359 934 meu
389 872 422 953 S,
449 875 546 934 omnia
573 873 731 954 diligenter
758 873 866 936 tundes
894 881 925 934 et
955 877 1128 936 tenuissime

112 979 235 1042 cernes,
263 971 293 1022 et
320 960 406 1022 molle
434 961 608 1049 despumato
632 961 753 1041 colliges
782 971 812 1023 et
844 961 951 1024 exinde
979 980 995 1023 a
1023 961 1128 1024 balneo

114 1069 183 1110 mox
210 1050 279 1110 lotis
307 1048 390 1116 dabis
413 1049 559 1111 avellanae
585 1049 819 1130 magnitudinem
842 1068 911 1113 cum
935 1052 1003 1112 rino
1026 1053 1126 1112 mixto.

205 1138 350 1199 conlectio
383 1137 494 1200 conditi
527 1139 680 1200 nelrcticis
717 1141 897 1200 conveniens
934 1147 964 1202 at
1000 1143 1126 1201 maxime
1143 1154 1167 1192 ιο

10 1221 11 1232 ’
114 1226 286 1307 calculosis,
312 1244 387 1306 quos
415 1226 565 1288 lithiontas
592 1236 712 1307 vocant,
740 1236 771 1288 et
798 1229 928 1288 minctns
953 1227 1126 1290 difficultate

114 1313 330 1397 laborantibus,
354 1333 429 1393 qnos
448 1313 628 1395 dysnruntas
649 1325 763 1377 vocant.
801 1317 908 1396 recipit
930 1317 1043 1395 piperis
1065 1315 1128 1396 31,

114 1403 290 1484 saxifragac,
319 1403 472 1463 betonioac
496 1419 533 1464 ÷
550 1403 648 1485 binas,
671 1406 770 1483 spicae
793 1403 922 1486 indicna,
945 1403 1128 1484 petroselIni,

114 1493 161 1572 lu,
184 1493 273 1572 asari,
296 1491 405 1551 radicis
427 1493 522 1572 acori,
545 1492 631 1552 dauci
655 1493 759 1551 cretici
780 1487 917 1573 seminis,
937 1495 1070 1553 omnium
1090 1490 1126 1551 vt

113 1581 135 1646 3
164 1579 308 1660 singulas,
336 1581 397 1640 vini
424 1581 549 1640 aminaei
577 1579 686 1658 cotylas
714 1587 868 1658 quattuor,
895 1579 989 1640 mellis
1018 1580 1125 1658 despu-
1144 1592 1168 1632 u·

113 1671 186 1728 mati
210 1667 320 1747 cotylas
342 1667 378 1728 ll.
402 1665 432 1728 8.

204 1758 352 1817 trociscus
380 1755 427 1815 dia
455 1753 598 1835 lysalidon
627 1754 790 1834 appellatus
819 1755 930 1815 iaciens
963 1754 998 1814 ad
1030 1755 1129 1815 ulcera

113 1863 190 1924 quae
218 1847 249 1905 in
273 1843 395 1906 renibus
419 1846 480 1904 sive
507 1845 538 1904 in
563 1846 658 1904 vesica
686 1851 851 1905 nascuntur
878 1851 908 1904 et
935 1843 1069 1924 indigent
1097 1843 1127 1905 in

114 1935 286 1995 cicatricem
313 1932 395 2014 duci,
422 1941 453 1993 et
480 1930 516 1992 ad
544 1951 595 1994 eos
623 1935 674 2012 qui
702 1934 876 2012 sanguinem
900 1934 1044 2013 mingunt.
1082 1951 1128 1994 re·

114 2023 199 2130 cipit·
216 2024 384 2082 cucumeris
411 2021 523 2082 bortini
551 2024 673 2082 seminis
701 2021 873 2102 descamati,
906 2024 964 2102 apii
996 2018 1128 2102 seminis,
1142 2037 1168 2075 2⁰

188 2209 283 2264 11111.
302 2225 329 2264 c:
348 2224 399 2264 mu.
413 2225 444 2278 p.
527 2207 639 2264 conficis
658 2225 699 2276 cp.
777 2207 868 2262 cccl'r.
887 2224 928 2276 cp.
1008 2215 1128 2277 llposso

113 2280 230 2336 condito
244 2297 276 2350 p,
294 2279 401 2335 conditi
418 2278 526 2350 passati
544 2295 566 2335 c.
657 2285 673 2332 3
692 2276 879 2332 naufraticnm
897 2294 924 2344 c,
943 2277 1084 2333 nafrcbicis
1098 2295 1128 2346 p.

113 2351 272 2408 oeuculosis
290 2367 305 2406 c
322 2351 398 2416 (item
416 2349 496 2417 iufra
512 2367 537 2406 o.
557 2354 613 2416 11).
690 2351 775 2418 ldcp.
848 2354 970 2474 inpane
987 2366 1014 2404 c:
1032 2364 1083 2405 om.
1100 2365 1129 2418 p.

113 2422 234 2477 tlascis
253 2421 364 2492 gallicis
383 2438 410 2490 c,
428 2420 518 2476 fasces
536 2419 654 2492 gallicos
668 2437 698 2490 p.
790 2423 880 2489 εἰῇ
913 2419 1008 2490 .Sp:
1030 2420 1129 2489 }sin-

112 2493 196 2564 gnlns
214 2509 279 2548 men
298 2492 332 2562 8.Ι
345 2497 392 2548 etc.
411 2508 435 2558 c,
451 2493 501 2575 poi
518 2492 680 2547 intencedio
696 2491 791 2547 onmia
808 2493 933 2575 captavit.
1024 2499 1040 2548 5
1060 2496 1128 2548 seni.

113 2562 229 2619 olixatri
242 2581 273 2632 p.
365 2562 908 2634 asom(cs.Dtoso.1‚11):folhsp.
983 2565 1019 2618 ul.
1038 2569 1082 2620 ab.
1102 2567 1128 2631 -;·

112 2637 133 2690 Ι.
153 2651 228 2690 men.
248 2634 275 2689 S.
289 2651 320 2703 p.
394 2634 521 2688 itandis
539 2650 562 2690 c.
634 2639 733 2689 8cum
754 2633 839 2689 melle
854 2651 884 2705 p.
957 2635 1068 2706 colligis
1087 2653 1128 2704 cp.

114 2724 132 2761 a
149 2705 236 2760 balne
252 2708 257 2773 Ι
272 2704 290 2758 i.
309 2720 374 2758 mox
391 2704 458 2760 lotis
478 2722 500 2772 c,
518 2704 547 2759 in
566 2705 666 2760 balneo
685 2705 751 2760 lotis
765 2721 796 2773 p.
871 2713 904 2760 10
923 2707 958 2774 cs.
972 2707 1032 2762 sim
1048 2708 1128 2762 Aleae.

116 2776 166 2832 Tr.
177 2794 207 2845 p.
223 2780 277 2830 534
290 2776 357 2830 Bos.
432 2782 463 2830 11
478 2775 618 2832 lilhiuitas
632 2792 654 2841 c,
673 2775 801 2832 libiunlas
812 2793 842 2844 p.
916 2779 945 2830 et
958 2775 1080 2831 mincius
1094 2807 1128 2816 -

114 2849 172 2918 (12)
192 2849 294 2902 vocant
307 2863 342 2916 p:
361 2861 410 2902 om.
430 2863 451 2902 c.
526 2849 655 2916 liidcp.
730 2843 1129 2914 13²‚2binasczam311p

113 2925 173 3040 pol.
184 2971 216 3022 p.
282 2960 315 3007 14
329 2956 442 3036 semp:
457 2969 508 3008 om.
521 2969 544 3008 c.
607 2953 785 3035 cimbala)
800 2956 815 3012 3
832 2949 956 3021 singulas
970 2953 1053 3017 0:31
1068 2955 1128 3022 (can.

114 3021 914 3164 ills·uttttlintttttftttidtll·²²17
938 3023 1128 3152 distiti}

114 3184 142 3232 c,
171 3166 327 3222 dialisalide
348 3183 379 3235 p.
434 3166 506 3220 idem
536 3166 662 3222 mmtider
692 3165 856 3220 dmmbitur
882 3167 914 3220 in
944 3167 1129 3224 additamaco

113 3239 275 3294 Alexandri
290 3237 376 3292 Trull.
395 3237 480 3291 lutici
498 3237 573 3304 (posi
589 3255 631 3307 pr.
647 3238 706 3304 IX,
720 3240 749 3306 6)
766 3237 815 3308 II,
833 3243 890 3294 188
904 3239 976 3308 qood
994 3241 1128 3295 simturu

114 3308 227 3364 Siamus
245 3308 315 3363 Jcn.
329 3323 350 3363 a.
369 3324 394 3362 o.
408 3305 540 3362 fisalidos.
612 3309 729 3365 vulnera
742 3324 773 3378 p.
848 3315 880 3366 ts
895 3313 925 3365 et
942 3309 1092 3380 diligenter
1110 3309 1128 3362 i.

114 3397 139 3434 c.
159 3379 185 3434 d.
206 3396 229 3434 c.
312 3383 347 3433 20
366 3377 449 3433 orbim
467 3394 493 3443 c,
517 3379 614 3449 coriam
628 3397 658 3450 p.
731 3379 894 3436 deecamalfi
908 3398 944 3450 p,
967 3397 1018 3434 om.
1037 3397 1052 3434 c
1069 3379 1130 3447 (qui

109 3455 176 3519 post
194 3449 296 3519 lapabii
314 3455 369 3504 seis
387 3450 466 3504 babet
484 3448 656 3521 deseamati).
729 3455 795 3508 sem.
812 3456 875 3521 post
894 3451 951 3521 apii
969 3466 1019 3504 mu.
1040 3466 1061 3503 c.

170 3547 292 3588 Cestius
307 3547 392 3588 Felix
418 3549 453 3588 ed.
467 3549 494 3591 V.
509 3547 573 3591 Rosa.
954 3542 969 3590 8
