2588 4028
574 222 812 286 -106..

277 369 440 430 curationis
462 385 533 428 vero
561 375 696 448 tempore
723 366 892 432 flebotomia
914 369 946 428 in
969 385 1058 430 manu
1082 369 1205 429 sinistra

188 455 319 520 adhibita
350 458 430 518 circa
462 455 594 518 medium
620 455 746 536 digitum
772 458 919 521 minorem
950 456 1060 518 desinit
1091 455 1206 536 splenis

188 547 327 608 extantia,

278 636 427 696 trociscus
450 652 487 696 cr
508 632 637 713 Filagrio
660 636 840 698 conveniens
863 633 1034 713 splenetieis
1053 641 1084 696 et
1102 633 1204 696 ortluc-

159 725 305 803 ⁵pnoicis
327 723 358 784 id
381 731 429 784 est
455 725 482 784 is
509 724 562 802 qui
590 721 628 782 ab
656 722 759 802 splene
786 721 949 787 anhelitum
976 723 1132 802 patiuntur
1159 721 1206 782 rel

189 821 273 874 recto
292 811 442 873 schemate
464 813 596 874 iacentes
614 811 833 892 praefocantur.
869 811 997 875 traditur
1019 812 1099 872 enim
1124 810 1205 890 quod

189 920 244 982 per
262 903 380 962 urinam
402 899 535 980 splenem
561 907 697 964 attenuet
717 908 748 962 et
771 902 931 964 astantiam
953 901 1047 980 ipsius
1066 899 1204 963 deducat.

163 991 298 1068 .accipit
324 996 424 1050 autem
452 987 575 1050 struthii
601 987 711 1052 herbae
743 987 853 1052 radicis
882 990 979 1050 siccae
1006 997 1037 1050 ot
1069 989 1206 1068 capparis

189 1077 298 1138 radicis
326 1079 422 1138 sienae
449 1079 571 1138 corticis
599 1086 630 1138 et
656 1077 867 1157 chamaedryos
894 1084 925 1138 et
952 1078 1074 1157 panacis
1096 1077 1207 1139 radicis

150 1179 176 1217 1⁰
190 1175 220 1228 ct
239 1167 389 1227 tamaricis
407 1167 539 1246 seminis,
562 1167 696 1228 omnium
714 1167 846 1246 quinum
864 1167 948 1246 paria
965 1164 1113 1245 pondera:
1136 1183 1206 1226 cum

189 1263 273 1316 aceto
301 1253 461 1334 squillitico
484 1253 665 1334 colliguntur
688 1263 719 1316 et
744 1255 868 1316 trocisci
889 1254 1074 1334 singularum
1100 1253 1206 1314 drach-

189 1361 306 1404 marum
328 1343 528 1404 informantur
556 1351 586 1404 et
612 1345 644 1402 in
666 1341 772 1404 umbra
795 1345 992 1404 exsiccantur.
1035 1361 1072 1402 cx
1095 1341 1205 1422 quibus

190 1450 282 1492 unum
305 1433 414 1492 iciunis
437 1449 507 1492 cum
529 1431 673 1512 oxymellc
697 1439 727 1493 ct
749 1433 845 1511 apiata
868 1431 961 1492 calida
984 1429 1076 1492 dabis.

278 1519 357 1581 aliud
385 1519 421 1580 ad
448 1519 592 1601 splenem.
635 1520 769 1582 lilonium
800 1520 965 1602 antidotum
997 1537 1066 1584 cum
1098 1519 1203 1598 frigida

151 1621 176 1662 1⁵
190 1627 265 1689 aqua
283 1611 380 1689 apiata
397 1611 506 1672 ieiunis
529 1609 627 1692 dabis,
649 1609 747 1670 hicme
765 1627 836 1670 roro
856 1627 925 1672 cum
943 1607 1056 1689 tepida,
1075 1617 1106 1674 et
1123 1617 1204 1688 post-

190 1715 279 1778 quam
317 1697 451 1780 dedcris,
484 1717 576 1780 supra
607 1698 732 1760 eandem
763 1704 880 1778 partem
915 1706 1072 1777 aegrotum
1107 1699 1205 1760 iacere

189 1786 307 1848 iubebis
334 1789 375 1848 ita
402 1783 449 1847 ut'
464 1805 570 1850 manus
591 1789 687 1866 ipsius
710 1788 835 1848 iacentis
861 1795 931 1866 post
953 1786 1076 1848 dorsum
1099 1784 1207 1848 habeat

189 1877 378 1954 positionem.

280 1961 316 2022 ad
335 1960 469 2040 splenem
494 1957 619 2042 (potio)
644 1980 719 2041 quae
742 1966 938 2044 per-urinam
960 1963 1041 2044 longi
1063 1966 1208 2044 temporis

151 2065 177 2104 ao
192 2049 326 2130 splenem
345 2049 524 2113 attenuando
543 2049 673 2114 deducit.
709 2049 864 2114 lalunicae
888 2051 997 2114 herbae
1015 2053 1104 2114 tritae
1127 2055 1149 2120 3
1168 2051 1208 2112 lll

262 2201 541 2260 alamannam.
627 2203 754 2260 onisirae
772 2204 808 2271 cf.
827 2203 890 2260 Gal.
912 2205 956 2274 X,
974 2209 1037 2260 904.
1123 2204 1208 2261 iad-
1280 2261 1281 2270 ,

190 2273 284 2331 hibita
301 2291 328 2330 e:
352 2277 381 2330 el
401 2274 501 2330 habita
518 2277 603 2346 (hita)
615 2293 647 2346 p.
718 2274 844 2332 medium
858 2291 909 2331 om.
924 2293 939 2331 c
952 2271 1036 2344 (aerei
1050 2270 1101 2330 ada
1115 2272 1207 2344 παρά-

191 2364 278 2414 paoor
295 2341 436 2401 deierantes
455 2345 518 2402 Gal.
539 2347 593 2402 XI
596 2389 604 2416 ,
622 2353 690 2404 296.
721 2345 1087 2416 cfiAu.10,11p.639).
1161 2347 1208 2402 da-

191 2415 289 2484 primit
307 2433 328 2470 a.
348 2417 504 2472 erientiam
518 2434 550 2486 p.
623 2417 781 2474 succisae
798 2433 840 2488 ep.
912 2416 1024 2488 suagrio
1045 2434 1073 2485 e,
1096 2417 1207 2488 filagrio

186 2487 284 2556 potio
305 2501 363 2541 ooo
384 2491 461 2541 aetat
481 2488 555 2544 inter
576 2489 664 2544 multa
688 2489 830 2560 Pittacus·
863 2490 941 2558 opud
964 2490 1076 2544 Aetium
1097 2494 1148 2557 10,
1174 2495 1206 2545 11

190 2558 238 2624 (of.
262 2562 290 2622 8,
313 2561 362 2624 57)
385 2557 432 2612 sed
459 2563 498 2612 eet
519 2559 708 2616 Aoodromcclri
734 2561 811 2630 opud
839 2559 975 2616 Gonnum
1000 2559 1107 2626 XIII,
1132 2563 1209 2628 241).

190 2627 496 2767 einnonem
513 2645 535 2684 ⁶·
564 2630 824 2758 caluerit
838 2647 867 2758 t
884 2629 1039 2758 <due
1054 2633 1102 2758 tl
1279 2661 1280 2732 ι

190 2769 302 2825 incendi
320 2787 342 2826 e.
418 2776 433 2825 t
472 2769 617 2829 educatos
637 2720 907 2841 defluolltaciatp.
980 2719 1160 2840 Homilai
1179 2790 1207 2828 e:

191 2843 261 2912 Μ.
335 2841 422 2898 atroci
435 2859 471 2913 p:
490 2844 586 2899 struan
605 2860 627 2900 e.
700 2843 892 2900 eeamsdreoo
905 2860 920 2902 e
934 2843 1100 2912 (-deoa1›).
1176 2849 1209 2898 10

190 2912 333 2968 tamaricis
370 2913 518 2982 (tamaraoi
549 2915 582 2984 p)
620 2913 734 2972 seminis
770 2939 804 2962 ε-
840 2915 959 2984 poplena
994 2913 1107 2983 καρποῦ
1144 2914 1208 2970 Gal.

192 2984 317 3038 omnium
339 2983 365 3038 V
389 3001 415 3040 c:
439 3001 491 3042 oon.
509 3002 540 3054 p.
649 2985 729 3056 paria
750 2985 874 3054 pondera
893 3003 928 3054 p:
953 2985 1017 3054 pari
1040 2984 1166 3055 pondere
1186 3003 1208 3041 c.

194 3059 225 3108 11
241 3054 353 3122 solitico
370 3071 411 3123 ep.
470 3056 603 3126 colligis.
619 3100 626 3114 .
642 3056 808 3126 .(trociscos
824 3059 885 3126 ...)
903 3056 1073 3114 informas.
1089 3099 1096 3114 .
1112 3099 1118 3111 .
1134 3055 1210 3112 sicca

193 3124 253 3206 (olo)
268 3141 299 3192 p.
386 3132 419 3179 13
439 3126 539 3182 ieiunis
558 3145 584 3182 c:
603 3143 654 3184 om.
668 3145 700 3198 p.
782 3127 912 3184 oximelle
931 3143 971 3197 ep.
1044 3127 1163 3198 cppiata
1182 3146 1209 3184 c:

192 3195 288 3264 opunte
306 3211 337 3264 p.
447 3202 481 3251 14
503 3197 629 3252 filoninm
652 3215 679 3268 o,
702 3198 801 3256 tilonoa
819 3215 851 3267 p.
961 3204 994 3252 15
1019 3215 1095 3268 aqua
1114 3215 1167 3256 oar.
1187 3218 1210 3255 o.

192 3264 317 3390 illm
332 3281 355 3332 ⁶’
372 3265 766 3410 {dlttptfflitlsl‘
788 3275 873 3410 orl
892 3271 1144 3410 illitum)
1158 3287 1211 3398 ¹³33
1278 3277 1279 3300 ³

192 3406 316 3489 splenem
330 3407 472 3490 tenuando
481 3425 512 3492 p,
531 3357 681 3479 aplenlticl
693 3357 865 3468 attelmdo
877 3358 901 3468 l).
974 3359 1026 3467 lai
1044 3411 1113 3469 trite
1126 3416 1153 3474 3.
1169 3413 1213 3468 ΙΙΙ

193 3493 257 3532 eum
275 3478 352 3548 (runo
370 3496 451 3549 mgro
470 3481 558 3536 cantos
576 3483 635 3550 ete.)
655 3499 682 3551 c,
699 3482 821 3544 harbe3
842 3481 889 3539 III.
909 3484 983 3537 terea
1003 3499 1067 3538 cum
1081 3501 1111 3553 p.
