2588 4028
513 217 758 280 —143-

124 359 313 438 ilebotomes,
340 361 382 418 ita
408 367 443 418 ut
471 377 540 420 cum
567 359 705 420 diviseris
733 378 837 422 venam
869 363 1044 440 sauguinem
1076 381 1143 422 cur·

123 457 242 509 rentem
273 449 425 526 inspicias,
472 448 552 526 quod
585 450 610 507 si
642 451 814 527 apparuerit
845 451 930 528 niger
958 457 988 510 et
1016 467 1143 524 crassus,

8 545 9 554 ’
123 543 331 616 competenter
359 535 499 596 detrahes
527 544 671 614 quantum
698 539 777 597 vires
804 539 900 615 ipsius
929 537 1091 598 laborantis
1115 547 1145 598 et

123 644 215 686 causa
243 633 274 684 et
302 633 382 684 aetas
410 631 441 683 et
468 626 612 704 temporis
636 633 666 684 et
693 627 824 704 regionis
853 625 979 704 qualitas
1003 627 1143 704 exegerit.

123 725 154 774 et
179 713 306 773 maxime
329 714 361 771 in
385 711 557 792 spleneticis
579 712 647 773 talis
666 715 786 792 sanguis
810 714 987 774 ostenditur.
1024 716 1050 774 si
1073 729 1170 773 veros

123 820 161 861 ex
186 803 337 861 contrario
360 800 453 860 ilavus
476 810 507 861 et
529 803 629 861 tenuis
652 805 825 881 apparuerit
843 804 977 880 sanguis,
1001 805 1143 862 continuo

121 887 288 950 abstinebis
314 896 345 948 et
368 887 442 948 nibil
469 891 589 949 omnino
618 889 770 970 detrahes,
801 891 853 950 sed
876 899 993 950 tantum
1017 890 1144 950 diaetam

121 980 188 1038 eius
213 977 378 1057 ordinabis,
402 977 432 1062 id
455 986 503 1038 est
524 979 601 1038 vitae
624 978 771 1059 regulam,
799 997 875 1058 quae
899 997 959 1038 non
982 979 1067 1038 inilet
1090 977 1143 1038 sed

8 1123 9 1126 ,
121 1068 217 1145 magis
245 1073 380 1125 ventrem
408 1065 520 1126 molliat
547 1065 622 1126 cibis
651 1069 776 1126 maxime
804 1069 966 1128 consuetis.
1008 1066 1088 1146 quod
1116 1067 1143 1126 si

121 1157 244 1214 minime
268 1155 375 1214 lecerit
397 1161 546 1235 ventrem,
570 1163 689 1234 oportet
710 1157 790 1215 inter
812 1157 896 1216 initia
914 1155 996 1215 molli
1014 1155 1141 1235 clystere
1157 1171 1183 1211 ιο

121 1243 286 1322 deducere,
309 1243 469 1302 novissime
493 1260 563 1302 vero
587 1245 704 1303 acriori.
749 1252 780 1304 et
803 1261 818 1303 a
841 1245 976 1322 porcinis
999 1242 1140 1304 carnibus

122 1330 333 1392 abstinendum
361 1339 391 1392 et
418 1330 455 1390 ab
483 1330 622 1392 omnibus
649 1349 726 1410 quae
754 1331 891 1392 similiter
918 1333 1141 1392 tenacissimum

121 1420 168 1480 vel
191 1437 327 1480 crassum
354 1419 513 1480 humorem
536 1421 675 1480 nutriunt
698 1428 728 1480 et
751 1421 925 1498 digestionis
948 1419 1050 1481 tardae
1074 1435 1141 1479 esse

8 1537 9 1544 1
119 1507 296 1587 probantur.
337 1509 406 1566 vino
429 1525 501 1566 vero
524 1507 670 1568 utendum
693 1511 777 1568 tenui
800 1515 831 1567 et
854 1507 920 1567 alb'o
944 1517 974 1568 et
998 1508 1141 1568 mediocri

120 1599 232 1657 virtute
256 1595 366 1674 calido,
394 1603 425 1655 et
447 1595 587 1655 omnibus
605 1594 773 1656 volatilibus
795 1603 916 1674 praeter
938 1595 986 1655 illa
1010 1613 1085 1674 quae
1108 1597 1140 1654 in
1155 1609 1181 1650 ss

121 1703 199 1764 aqua
217 1693 383 1744 nascuntur
401 1693 432 1744 et
450 1683 584 1762 piscibus
603 1683 820 1762 digestibilibus
837 1681 1003 1742 molliorem
1021 1699 1142 1742 carnem

120 1772 301 1833 habentibus
334 1781 364 1832 et
396 1771 469 1832 nihil
501 1775 533 1832 in
565 1789 598 1832 se
635 1773 729 1832 crassi
767 1772 902 1832 humoris
935 1769 1141 1832 retinentibus.

121 1864 211 1922 etiam
239 1869 270 1921 et
293 1861 479 1921 salsamentis
503 1869 534 1920 et
557 1861 653 1939 sinapi
677 1862 720 1920 uti
743 1868 875 1940 oportet,
903 1868 933 1920 et
960 1859 1065 1920 dicbus
1090 1858 1140 1918 ali-

8 1961 9 2028 i
120 1951 242 2028 quantis
270 1958 301 2010 et
328 1949 375 2009 dia
392 1951 481 2018 trion
509 1966 661 2028 pepereou
689 1949 855 2009 antidotum
882 1949 914 2007 in
937 1947 1139 2027 magnitudine

120 2039 205 2099 labae
234 2039 355 2098 maioris
382 2039 533 2116 aegyptiae
562 2055 631 2097 cum
661 2036 754 2096 calida
781 2045 850 2098 ante
878 2054 968 2096 unam
991 2036 1037 2096 vel
1065 2035 1139 2095 duas
1154 2051 1180 2090 so

119 2127 210 2186 boras
240 2127 420 2186 accessionis
448 2126 527 2186 dare.
573 2133 625 2184 aut
648 2131 729 2184 certe
753 2123 919 2190 antidotum
943 2123 1023 2200 quod
1045 2123 1139 2182 Fila·

120 2217 223 2294 grius
246 2215 442 2294 syupepticon
468 2213 663 2292 lexopyretou
686 2211 855 2291 appellavit,
883 2210 1020 2270 similiter
1048 2209 1140 2290 dabis,

120 2313 172 2366 aut
190 2302 368 2383 diaspoliten
381 2301 640 2362 medicamentum.
668 2307 720 2360 aut
737 2302 824 2379 piper
843 2298 939 2359 solum
958 2316 1027 2360 cum
1048 2297 1140 2358 calida

194 2453 424 2510 tflebotomsbis
443 2470 484 2523 cp.
575 2453 744 2523 suspicias
762 2469 789 2510 c:
815 2451 936 2522 aspicies
951 2469 982 2524 p.
1073 2454 1138 2506 aet

119 2552 153 2600 ca
167 2561 205 2614 p,
224 2544 262 2598 vl'
282 2551 330 2598 osas
347 2560 370 2598 c.
460 2543 527 2597 lei
543 2541 680 2612 temporis
693 2559 729 2611 p,
753 2558 768 2596 e
789 2558 805 2606 z
823 2529 889 2612 1²)me
907 2557 929 2597 e.
1020 2540 1140 2610 exigerit

118 2617 167 2672 vel
185 2614 341 2670 ostenderit
350 2630 380 2682 p.
454 2613 583 2669 belom.
598 2629 639 2682 ap.
713 2613 906 2668 oostenditur
920 2642 953 2652 -
969 2613 1007 2681 (6)
1024 2611 1139 2680 sanguis

118 2703 169 2742 om.
189 2703 211 2743 c.
286 2691 302 2739 'i
320 2683 455 2740 retinebis
468 2702 499 2754 p.
573 2683 605 2754 83
623 2686 667 2738 iffi
685 2683 776 2738 dietus
794 2684 853 2739 eius
872 2699 898 2738 o.
917 2699 945 2746 e,
964 2682 1014 2738 sed
1032 2681 1139 2736 dietam

118 2774 144 2812 o.
154 2775 186 2827 p.
259 2761 276 2810 9
294 2755 385 2826 magis
404 2772 431 2810 c:
449 2756 563 2811 iunium
579 2772 608 2824 p.
672 2754 755 2808 cibis:
775 2753 853 2808 ciuus
872 2751 952 2822 (cru9)
968 2769 992 2820 c,
1010 2755 1091 2820 c16(?)
1108 2769 1137 2820 p.

118 2826 331 2884 consuetudinis
352 2843 373 2882 c.
464 2827 540 2895 quod
563 2825 587 2880 si
609 2844 635 2880 v.
658 2842 716 2880 non
736 2824 837 2880 iecerit
856 2841 887 2892 p.
980 2828 1013 2876 10
1033 2821 1139 2876 elisteri

117 2899 221 2954 deduci
238 2915 261 2954 c.
353 2904 385 2951 13
410 2913 532 2953 crossum
558 2913 599 2966 ep.
692 2903 726 2950 14
747 2895 967 2966 comprobantur
980 2910 1011 2963 12·
1105 2897 1137 2948 15

117 2972 148 3025 ei
169 2969 207 3024 cb
233 2969 363 3024 omnibus
382 2985 413 3037 p.
523 2973 556 3022 16
579 2967 694 3022 mollem
717 2982 749 3034 p.
859 2971 892 3020 18
918 2964 1005 3020 etiem
1032 2979 1082 3019 om.
1106 2982 1137 3035 p.

8 3019 9 3058 ³
116 3043 148 3096 ci
166 3043 242 3110 (onte
259 3039 370 3102 diebus)
388 3055 438 3093 om.
458 3055 501 3107 ep.
588 3043 621 3092 19
641 3037 763 3105 ei(oute
781 3035 838 3106 dia)
860 3053 885 3092 c:
912 3051 962 3092 cau.
979 3053 1009 3105 p.
1094 3035 1137 3106 pi·

8 3111 9 3156 1
116 3127 223 3181 person
242 3127 283 3180 cp.
356 3116 391 3165 20
409 3110 428 3166 f.
444 3109 584 3179 egiptiaoe
601 3107 716 3164 maioris
730 3124 762 3177 p.
834 3113 898 3162 cuttu
913 3106 1006 3162 calida
1020 3123 1136 3177 equap.

117 3183 163 3237 vel
182 3182 253 3236 duss
271 3181 452 3236 accessiones.
469 3183 474 3250 Ι
490 3179 551 3234 omi
567 3183 632 3250 (pro
650 3182 769 3248 oras)11.
821 3185 854 3234 21
874 3179 942 3235 dare
960 3195 1010 3234 om.
1030 3195 1052 3236 c.
1104 3183 1137 3234 ut

117 3255 194 3308 certe
212 3253 259 3308 vol
277 3252 338 3321 (ul')
357 3253 414 3308 ant.
433 3269 457 3308 c.
548 3251 689 3322 filagricm
707 3267 749 3320 op.
830 3257 865 3306 22
884 3249 1041 3322 sinpeptico
1060 3250 1135 3306 lexo-

116 3324 210 3392 petiss
225 3341 262 3392 p,
285 3322 409 3392 sinpepti
432 3323 525 3378 celebs
548 3323 650 3395 opitius
669 3339 690 3377 c.
799 3321 957 3392 appellavit
978 3339 1013 3392 p:
1039 3323 1135 3393 appel-

8 3399 9 3408 ’
115 3395 207 3449 latum
231 3411 253 3450 o.
362 3398 395 3448 23
418 3393 587 3464 disspoliien
610 3411 637 3464 c,
661 3393 858 3464 diaboliienp
882 3393 1057 3463 (diospolites
1079 3397 1135 3463 1²⁰)-

8 3487 9 3500 ¹
116 3467 179 3520 solu
199 3465 334 3534 (solutum
352 3469 417 3520 aute
434 3466 517 3534 corr.)
537 3482 564 3521 o:
582 3481 633 3521 oro.
648 3482 680 3535 p.
