2588 4028
478 239 718 304 -151-

4 465 5 468 Ἴ
93 401 241 446 mensure.
296 387 394 446 omnin
432 384 639 447 commiseebis
675 395 706 447 et
741 385 851 448 adicies
887 403 976 447 orum
1013 403 1107 448 uuum

91 473 220 534 crudum
243 481 273 534 et
296 475 327 534 in
350 473 480 552 ampulla
501 476 615 554 mittes,
642 491 732 553 quam
755 477 786 536 in
810 475 915 554 frigida
938 491 1014 553 sque
1037 473 1107 536 sub-

92 562 212 622 missam
240 560 434 640 infrigidnbis.
477 571 508 624 et
535 563 653 641 quando
680 565 726 624 nii
753 562 897 644 volueris,
926 562 1050 642 agitabis
1073 571 1108 624 ut

91 667 187 712 unum
210 667 321 728 eorpus
343 649 442 729 liquor
464 653 528 730 ipse
552 651 652 733 fucini,
680 659 711 712 et
732 653 776 714 sie
800 649 837 712 de
861 650 1000 714 embrses
1022 651 1107 714 lanea

88 745 249 816 aegrotum
276 756 461 820 perungam,
488 741 578 800 eiiam
600 748 631 802 et
653 741 743 818 capiti
766 742 831 802 eius
855 739 1037 818 aliquantum
1061 742 1134 800 irs-s

89 826 210 888 fundes.

182 914 237 975 elia
265 919 422 994 perunctio
450 916 642 997 empyreus,
674 917 710 978 ed
740 935 851 978 causon
880 927 910 978 ei
938 917 974 978 ad
1007 920 1108 996 iugem

88 1004 153 1063 sive
187 1006 358 1066 uontmuem
391 1003 519 1087 febrem,
550 1023 639 1084 quem
671 1005 777 1067 Graeci
809 1006 961 1086 synoebon
994 1006 1106 1068 dieunt.

87 1091 265 1152 cucurbitae
301 1109 435 1154 rasuram
473 1095 621 1174 exprimes
658 1103 689 1155 ei
726 1111 882 1156 rosaceum
919 1095 1018 1158 oleum
1056 1095 1105 1156 nd·

90 1180 231 1241 miscebis
263 1180 378 1259 aequali
410 1183 511 1263 mods,
544 1191 574 1243 ei
601 1200 670 1244 eum
698 1182 855 1262 diiigenter
885 1186 1042 1246 miscueris
1072 1191 1106 1245 ut
1121 1198 1148 1237 ιο

89 1267 229 1347 frigidum
257 1271 309 1350 sit,
335 1277 432 1330 tufum
455 1289 566 1350 eorpus
588 1290 768 1352 perungues.
803 1271 961 1351 aliqnando
989 1280 1020 1332 ei
1042 1279 1105 1351 pty-

90 1363 190 1435 gmete
212 1357 317 1437 frigida
340 1360 371 1420 in
384 1359 495 1420 eodem
513 1359 630 1439 liquore
648 1360 747 1434 infuse
765 1360 962 1441 sufficienter,
985 1362 1105 1421 visceri·

90 1444 149 1506 bus
181 1447 421 1528 superimpones,
449 1449 476 1508 si
506 1456 607 1508 temen
634 1455 730 1508 aestus
760 1448 862 1510 fuerit·
904 1448 1002 1512 hieme
1034 1467 1106 1510 vero

1 1529 2 1532 ’
88 1533 185 1597 calida
221 1543 251 1595 ei
287 1533 353 1596 oleo
389 1553 512 1596 rosaceo
548 1543 698 1615 ptygmeie
733 1536 872 1596 infundes
905 1547 935 1598 et
967 1537 1106 1598 simiiiier

90 1623 257 1684 visceribus
280 1641 420 1702 appones.
679 1673 681 1678 .
1120 1637 1146 1677 1⁵

180 1711 233 1772 sed
252 1714 278 1772 si
301 1710 378 1772 forte
397 1711 495 1790 eliqua
513 1715 610 1773 tensio
628 1711 811 1790 praeeundiis
829 1714 1005 1791 occurrerit,
1028 1721 1105 1773 esin-

88 1801 234 1882 plasmate
266 1801 369 1861 uteris.
414 1799 546 1880 dactylos
579 1799 710 1861 nicolaos
742 1818 866 1862 numero
894 1799 917 1858 V
944 1817 999 1880 per
1027 1800 1106 1862 diem

88 1905 167 1969 aqua
196 1886 288 1950 enfide
316 1888 456 1950 infundes
479 1897 509 1952 ei
532 1897 670 1950 conmres
694 1897 724 1951 et
750 1891 782 1950 in
805 1889 898 1950 enfide
921 1889 1052 1952 resolves
1075 1897 1106 1952 et

87 1979 234 2056 adiunges
261 1975 319 2036 olei
347 1979 462 2040 roseeei
489 1977 638 2040 modicum
666 1986 697 2039 et
723 1996 814 2058 super
839 1981 945 2040 mittes
976 1977 1029 2040 lini
1061 1997 1119 2040 se.

89 2069 179 2129 minis
207 2073 307 2145 peries
334 2065 362 2126 11
389 2074 420 2126 et
446 2065 504 2127 olei
530 2075 646 2146 partem
668 2065 691 2127 1.
717 2075 749 2128 ei
775 2075 844 2147 post
870 2067 935 2129 dies
963 2068 1103 2146 cataplus·
1119 2080 1146 2120 2⁰

1 2205 2 2208 ,
89 2157 178 2216 metis
213 2153 346 2234 expletos
377 2154 541 2234 lexipyreio
569 2157 671 2215 nferis.
718 2155 789 2216 fecit
816 2157 896 2215 enim
923 2155 960 2214 ed
991 2154 1105 2214 febrem

163 2367 177 2414 1
193 2359 388 2426 commissise,
407 2365 488 2414 -ees
497 2377 528 2430 p.
601 2375 684 2414 ovum
699 2357 815 2414 crudum
830 2357 858 2414 .1.
869 2375 901 2428 p,
919 2365 994 2415 ermis
1009 2361 1106 2430 (ovum

87 2435 204 2500 uuumi)
224 2432 340 2486 crudum
358 2448 380 2486 e.
467 2429 617 2500 ismpule
635 2446 661 2485 e:
689 2429 844 2501 empullsm
858 2447 889 2499 p.
973 2429 1106 2501 frigidam

89 2519 194 2574 equum
208 2519 239 2570 p.
312 2500 525 2572 3infrigidsbis
539 2519 565 2558 e:
583 2501 614 2556 in
631 2500 736 2571 frigide
754 2501 834 2557 dubis
848 2518 879 2571 p.
952 2503 1054 2558 flsne
1072 2519 1105 2571 sp

87 2575 184 2644 (fenea
197 2577 251 2642 pf).
325 2579 514 2643 bpemngere
528 2590 560 2643 p.
633 2572 719 2628 etism
732 2588 783 2630 om.
798 2589 820 2628 e.
893 2573 981 2644 capiti
999 2573 1059 2629 eius
1078 2591 1105 2629 e:

89 2646 191 2716 eapitis
215 2643 337 2715 sip.x
399 2643 606 2713 nliqnnniulnm
621 2661 651 2713 p.
761 2643 964 2714 'flexiperiten
977 2661 1013 2714 p,
1036 2645 1106 2700 lexi-

88 2716 210 2786 pebiiebb
225 2733 249 2770 c.
322 2714 487 2770 esinodnm
501 2733 524 2784 e,
542 2716 657 2770 sineeon
673 2733 702 2784 p.
776 2715 943 2785 iexprimis
955 2733 985 2784 p.
1058 2716 1106 2768 ad-

88 2787 190 2842 misees
214 2803 241 2855 c,
265 2786 383 2842 amisees
401 2802 432 2855 p.
542 2793 575 2842 10
597 2787 639 2842 ite
664 2789 698 2841 ub
714 2803 745 2855 p.
856 2791 888 2839 11
912 2801 1052 2855 perunges
1075 2801 1105 2852 p.

88 2858 229 2928 piigmsie
243 2859 304 2927 (oen.
320 2857 360 2926 eb)
380 2873 403 2924 e,
423 2857 578 2927 sipiimsis
587 2874 618 2925 p.
692 2863 725 2911 12
740 2855 926 2911 suffieieniem
945 2872 967 2921 e,
987 2855 1064 2910 -iis
1074 2872 1104 2922 p.

88 2948 115 2985 v.
134 2945 219 2998 super
235 2927 348 2998 inponis
366 2944 390 2994 e,
408 2947 434 2982 v·
453 2943 615 2997 sppouesp
634 2927 693 2996 (qui
710 2927 813 2982 nmwii
830 2926 868 2980 nd
887 2943 913 2982 s.
928 2931 976 2981 3³:
994 2941 1061 2980 nam
1075 2925 1106 2980 Si

1 3013 2 3026 ¹
88 3005 121 3055 ir‘r
140 3031 174 3040 -
193 3015 318 3070 appones
335 2999 367 3053 in
384 3015 471 3069 marp.
490 2999 570 3053 addit
583 3001 637 3065 ρο).
719 3002 755 3050 11
772 2997 896 3065 bipmete
914 3012 940 3062 e,
963 2996 1107 3068 piigmnie

84 3077 127 3140 pf.
217 3076 249 3125 16
269 3069 324 3126 Sed
341 3083 393 3123 nm.
408 3086 438 3137 p.
529 3067 646 3123 nfbeuii
658 3083 682 3136 p
704 3065 871 3137 (obcurrsrii
883 3068 941 3137 ρο).
1031 3073 1106 3124 esiu-

87 3142 199 3212 plssms
225 3157 259 3210 ep
288 3142 348 3210 (pei
377 3140 485 3195 adderet
512 3138 680 3209 lexiperibon
708 3153 736 3207 e,
767 3137 937 3208 lixoperiion
964 3145 1016 3197 aut
1042 3147 1106 3196 ante

87 3229 158 3268 een,
176 3210 323 3283 lixopnion
339 3227 368 3279 p.
405 3211 478 3280 pund
497 3210 639 3266 delendum
656 3209 772 3264 videtur.
806 3209 841 3276 ef.
860 3227 884 3266 v.
902 3213 960 3281 21).
1071 3217 1104 3266 11

88 3283 178 3339 uberis
201 3283 254 3338 hoe
279 3281 363 3337 modo
386 3281 412 3338 d.
433 3298 463 3350 p.
553 3285 610 3336 nnio
629 3297 655 3336 e:
679 3296 730 3338 om.
744 3297 775 3351 p.
867 3287 901 3337 18
923 3283 953 3338 in
971 3299 1046 3352 equs
1063 3299 1104 3351 ep.

88 3353 219 3409 infundes
240 3383 271 3393 -
291 3351 385 3407 calide
407 3369 458 3408 om.
482 3369 504 3408 e,
613 3353 642 3408 ei
659 3367 710 3408 om.
726 3369 756 3422 p.
866 3359 898 3408 19
918 3354 1062 3424 ndnngues
1081 3367 1103 3408 c.

88 3425 179 3480 mibiis
198 3441 239 3494 cp.
346 3423 400 3480 lini
418 3440 514 3480 semen
528 3439 588 3508 per.
607 3423 641 3480 11.
660 3439 688 3491 e,
710 3423 762 3478 lini
779 3422 895 3478 seminis
919 3424 1034 3493 pollinis
1051 3423 1109 3492 [eis

86 3499 193 3566 partes.
212 3495 247 3552 11.
262 3511 293 3564 p.
365 3501 399 3550 21
418 3495 586 3566 lexiperrbsn
605 3511 646 3565 ep.
719 3493 794 3550 euim
813 3511 863 3548 om.
878 3509 909 3562 p.
